2580 3900
120 99 122 104 ¹
134 99 138 112 Ι

119 124 139 180 ii.

123 181 133 210 ¹³

517 243 592 292 cer.
609 241 692 295 ‘tr-t
905 262 910 271 ·
1045 231 1102 294 195

106 401 295 482 possessione
326 406 356 458 et
384 417 436 460 usu
462 398 536 458 haud
565 397 685 478 perinde
713 399 891 460 adliciuntur.
933 407 977 459 est
1004 399 1137 460 viderem

106 485 180 564 apud
194 484 261 545 illos
284 491 424 560 argentea
441 500 526 559 vasa,
546 481 651 559 legatis
674 491 704 542 et
722 481 902 563 priucipiltus
925 500 1023 544 eorum
1044 501 1102 548 nru-

106 569 167 629 neri
182 567 264 642 data,
292 584 349 626 nou
375 566 404 624 in
427 565 482 628 alia
499 565 607 626 vilitate
633 584 717 645 quam
741 584 814 646 quae
832 565 918 628 humo
944 567 1100 644 finguntur:

107 669 276 732 quamquem
294 649 416 729 proximi
431 648 468 708 olr
487 667 568 711 usum
583 653 823 712 commerciorum
836 669 934 710 aurmn
950 659 978 709 et
998 667 1102 726 argen-

106 747 163 797 tum
182 737 212 796 in
236 735 331 814 pretio
353 732 459 794 hahent
479 732 799 812 formasque'qnasdam
821 743 938 798 nostrae
962 735 1102 814 pecuniae

19 871 22 878 ,
108 819 289 896 adgnoscunt
305 825 391 896 atque
410 817 536 894 eligunt:
558 817 712 878 interiores
735 817 894 897 simplicius
915 827 944 878 et
960 818 1101 896 antiquius
1113 831 1136 872 n

109 903 315 984 permutatione
335 901 471 962 mercium
492 909 614 962 utuntur.
651 903 801 979 pecuniam
829 901 952 980 probant
973 910 1101 964 veterem

109 997 139 1047 et-
153 987 200 1048 diu
216 994 328 1060 notam,
344 993 472 1046 serratus
490 983 672 1063 bigatosque.
704 993 853 1064 argentum
875 1001 991 1064 queque
1009 986 1101 1064 magis

108 1088 189 1151 quem
206 1087 303 1129 aurum
317 1075 490 1147 sequuntur,
508 1067 584 1128 nulla
599 1067 765 1128 adiectione
779 1069 878 1147 animi,
900 1068 952 1131 sed
972 1070 1038 1147 quia
1052 1087 1101 1130 nu·

107 1172 202 1216 merus
218 1161 419 1230 argenteorum
434 1151 547 1212 facilior
561 1152 624 1212 usui
649 1161 694 1212 est
712 1154 858 1231 promisca
881 1171 916 1213 ac
938 1153 1006 1214 vilia
1027 1171 1101 1214 mer-

108 1237 247 1298 cantibus.
782 1255 788 1266 ·
1114 1247 1136 1286 2⁰·

171 1322 200 1386 6.
219 1319 263 1382 Ne
280 1321 386 1382 lerrum
402 1319 514 1399 qudem
531 1331 680 1401 superest,
709 1322 785 1382 sicut
800 1339 837 1380 ex
855 1340 967 1399 genere
981 1323 1102 1384 telorum

110 1405 264 1482 colligitur.
297 1405 354 1466 rari
366 1404 471 1482 gladiis
488 1413 536 1466 aut
550 1404 708 1466 maioribus
723 1405 833 1465 lanceis
850 1414 980 1467 utuntur:
996 1406 1103 1484 hastas,

108 1489 157 1550 vel
173 1491 299 1567 ipsorum
315 1487 462 1549 vocabulo
476 1489 600 1550 irameas
614 1497 719 1566 gerunt
735 1497 858 1565 angusto
870 1497 900 1549 et
914 1489 997 1550 brevi
1012 1489 1103 1564 ferro,

2 1607 3 1610 κ
106 1573 160 1634 sed
172 1574 216 1636 ita
232 1573 293 1633 acri
308 1581 337 1630 et
354 1571 389 1632 ad
404 1591 484 1634 usum
498 1571 602 1650 habili,
618 1581 648 1633 ut
663 1571 765 1634 eodem
777 1572 852 1650 telo,
866 1581 952 1651 prout
966 1574 1039 1634 ratic
1053 1591 1102 1653 po-

108 1659 179 1734 suit,
201 1656 248 1718 rei
269 1657 425 1719 comminus
448 1657 496 1717 vel
527 1658 635 1717 eminus
655 1649 791 1736 pugnent.
829 1667 858 1718 et
871 1675 963 1735 eques
989 1657 1126 1736 quideme

108 1749 190 1806 scuto
209 1741 375 1820 frameaque
397 1748 549 1802 contentus
564 1751 624 1819 est,
648 1741 762 1819 pedites
778 1749 809 1800 et
827 1741 946 1802 missilia
965 1751 1104 1819 spargunt

108 1825 248 1905 pluraque
270 1824 393 1902 singuli,
415 1833 501 1903 atque
522 1825 551 1884 in
573 1825 730 1886 inmensum
749 1823 878 1900 vibrant,
904 1824 971 1886 nudi
992 1834 1039 1884 aut
1060 1843 1103 1884 sa·

107 1909 176 1986 gulo
191 1908 285 1969 leves.
306 1907 384 1968 nulla
401 1908 495 1968 cultus
511 1909 640 1978 iactatie;
656 1917 738 1968 scuta
755 1917 860 1969 tantum
875 1908 1040 1970 lectissimis
1055 1925 1103 1970 co-

107 1992 217 2054 loribus
237 1990 421 2069 distinguunt.
457 1993 559 2068 paucis
576 1991 704 2067 loricae,
729 1993 778 2050 rix
798 1991 846 2050 uni
868 1992 990 2054 alterive
1012 1992 1103 2052 cassis

106 2086 155 2138 eut
169 2075 265 2154 galea.
304 2075 370 2154 equi
391 2092 447 2135 non
467 2075 572 2153 forma,
593 2093 653 2136 non
673 2075 832 2136 velocitate
852 2076 1010 2154 conspicui.
1049 2075 1102 2136 sed
1114 2085 1138 2129 tc

109 2179 165 2221 nec
180 2160 293 2220 variare
304 2175 396 2236 gyros
410 2161 439 2219 in
452 2177 561 2221 morem
576 2168 705 2220 nostrum
718 2159 876 2220 docentur:
892 2158 919 2218 in
935 2167 1045 2219 rectum
1058 2167 1105 2218 aut

108 2261 165 2306 nno
180 2242 257 2304 llexu
271 2242 391 2304 dextros
411 2252 513 2321 agunt,
537 2245 575 2304 ita
591 2244 745 2304 coniuncto
762 2242 834 2305 orbe
851 2252 882 2303 nt
904 2260 989 2302 nemo
1006 2251 1104 2322 poste·

109 2329 170 2388 rior
191 2329 236 2388 sit.
275 2327 303 2386 in
331 2327 494 2388 universum
523 2327 684 2388 aestimanti
707 2326 773 2405 plns
795 2343 886 2404 penes
911 2325 1035 2405 peditem
1056 2344 1105 2386 ro·

109 2411 205 2480 barim
224 2427 319 2488 eoque
335 2410 414 2469 mixti
431 2410 624 2488 proeliantur,
640 2419 706 2490 apta
724 2419 754 2470 et
774 2419 952 2486 congruente
968 2408 1003 2469 ad
1018 2427 1104 2487 eque·

109 2505 200 2556 strem
213 2509 337 2573 pugnam
348 2492 507 2552 velocitate
520 2493 665 2572 peditum,
679 2510 752 2572 quos
764 2511 801 2552 ex
813 2493 887 2551 omni
900 2492 1044 2553 iuventute
1054 2492 1103 2553 dc·
1115 2505 1140 2544 1⁶

110 2579 204 2638 lectos
220 2585 286 2637 ante
306 2577 399 2637 aciem
419 2576 527 2637 locant.
560 2577 694 2638 delinitur
709 2587 738 2636 et
758 2593 905 2637 numerus:
930 2578 1043 2636 centeni
1068 2595 1105 2636 ex

110 2657 233 2738 singulis
248 2662 332 2740 pagis
348 2669 426 2738 sunt,
440 2661 527 2740 idque
539 2661 632 2740 ipsum
644 2661 718 2720 inter
731 2679 799 2722 suos
813 2669 972 2737 vocantur,
988 2669 1016 2720 et
1028 2660 1104 2740 quod

73 2793 83 2820 .
109 2747 203 2823 primo
218 2761 351 2806 numerus
370 2744 439 2823 luit,
459 2744 514 2805 iam
529 2761 634 2805 nomen
654 2754 682 2804 et
696 2743 789 2804 honor
805 2752 858 2804 est.
893 2745 973 2805 acies
990 2763 1042 2822 per
1057 2763 1104 2805 cu·

109 2844 183 2888 neos
200 2830 389 2908 componitur.
418 2828 525 2889 cedere
540 2828 623 2906 luco,
640 2827 791 2890 dummodo
804 2846 902 2888 rursus
914 2828 1020 2904 instes,
1038 2845 1104 2888 cco·

110 2909 167 2972 silii
184 2929 267 2991 quarn
280 2910 441 2974 formidinis
463 2911 644 2974 arbitrantur.
683 2929 808 2990 corpora
829 2929 945 2972 sucrum
966 2912 1051 2972 etiam
1074 2911 1102 2969 in
1115 2921 1141 2960 20

109 2995 203 3056 dubiis
220 2993 339 3075 proeliis
353 2994 490 3054 referunt.
523 3005 634 3055 scutum
650 2995 804 3074 reliquisse
821 2997 1008 3074 praecipuum
1024 2994 1105 3070 dagi-

109 3079 195 3154 tium,
218 3096 273 3139 nec
293 3087 340 3139 ant
354 3079 562 3140 sacrisadcsse
580 3088 628 3139 ant
649 3080 802 3140 concilium
819 3079 891 3139 inire
912 3080 1107 3155 ignominioso

110 3163 170 3231 iam
185 3161 323 3240 multique
335 3163 506 3238 superstites
522 3161 664 3223 bellorum
680 3163 822 3224 infamiam
840 3163 946 3240 laqueo
963 3161 1105 3234 linierunt.

174 3247 204 3306 7.
221 3245 322 3323 Reges
344 3263 382 3304 ex
399 3244 564 3322 nobilitate,
591 3245 681 3306 duces
703 3265 741 3306 ex
761 3247 866 3306 virtute
890 3253 1011 3304 sumunt.
1051 3264 1107 3306 nec

110 3328 230 3408 regibus
245 3331 351 3390 induite
369 3337 417 3390 aut
432 3327 523 3389 libera
541 3337 686 3408 potestas,
707 3340 736 3390 et
751 3330 839 3389 du'ces
854 3328 990 3408 exemplo
1010 3332 1106 3408 potius

1 3401 3 3469 ᾗ
110 3431 196 3491 quam
211 3414 350 3492 imperio,
366 3413 390 3472 si
402 3413 543 3491 prompti,
562 3413 586 3472 si
600 3413 768 3490 conspicui,
785 3411 810 3470 si
825 3421 890 3472 ante
906 3415 996 3474 aciem
1008 3423 1105 3488 agant,

49 3571 55 3580 ,
108 3497 297 3559 admiratione
312 3505 450 3575 praesunt
492 3505 619 3556 ceterum
641 3513 735 3572 neque
760 3495 988 3636 animadpprpere
1011 3509 1106 3566 neqne
