2580 3900
531 252 605 298 cnr.
621 246 737 302 tt-rs.
1075 245 1133 306 205

137 416 227 466 tutem
250 407 324 465 inter
343 413 422 464 certo
444 421 611 480 numerere,
638 402 771 483 quodque
797 407 969 466 rarissimum
994 424 1048 467 nec
1078 409 1134 470 nisi
1149 427 1174 468 ro

140 489 284 548 Romanae
298 485 465 563 disciplinae
481 503 661 561 concessum,
678 486 741 564 plus
755 505 900 566 reponere
911 489 940 547 in
954 488 1026 550 duce
1051 509 1133 568 quom

140 573 168 628 in
183 569 321 630 exercitu.
351 584 434 628 omne
451 567 540 628 robur
554 569 583 628 in
603 568 715 647 pedite,
737 588 819 647 quem
836 589 924 649 super
938 589 1014 631 ormo
1042 572 1132 634 ierra·

141 652 242 711 mentis
264 668 377 730 quoque
399 659 429 710 et
450 651 542 728 copiis
559 659 692 711 onerent:
717 651 790 712 ulios
806 652 841 712 ad
861 652 1001 731 proelium
1030 655 1072 714 ire
1090 660 1131 716 ri·

141 735 226 811 dens,
240 732 369 804 'Glrettos
390 731 425 792 ad
444 730 558 792 bellum.
594 734 651 793 rari
672 751 810 795 excursus
832 745 861 795 et
883 735 998 796 iortuite
1026 756 1130 816 pugne.

16 815 20 822 ’
140 818 314 894 equestrium
336 832 406 875 sane
425 816 526 876 ririum
541 815 569 874 id
582 818 747 894 proprium,
772 819 829 877 cito
844 834 948 895 parere
969 821 1130 899 victoriam,
1144 838 1169 880 rs

138 901 199 958 cito
223 899 346 958 cedere:
370 898 511 958 velocitas
532 899 609 958 iuxta
629 899 824 977 lonuidinem‚
846 902 988 962 cunctatio
1010 905 1132 983 propior

140 984 316 1042 constantiae
333 989 387 1040 est.

202 1063 251 1124 31.
275 1063 313 1124 lit
329 1062 393 1123 eliis
409 1063 613 1125 Germanorum
630 1063 747 1142 populis
760 1075 924 1144 usurpatum
940 1081 1008 1127 rero
1029 1075 1058 1126 et
1074 1069 1134 1146 pri-

138 1154 205 1207 vate
221 1147 359 1224 cuiusque
375 1147 507 1207 audentio
522 1145 597 1224 opud
613 1145 733 1206 Chattos
750 1149 779 1208 in
795 1165 966 1209 consensum
986 1152 1085 1228 vertit,
1100 1159 1130 1209 ut

139 1231 258 1308 primum
272 1227 464 1306 adoleverint,
489 1229 595 1288 crinem
609 1228 783 1310 borbumqne
799 1231 986 1309 submittere,
1007 1249 1061 1292 nec
1075 1233 1129 1291 nisi

139 1311 223 1371 boote
242 1328 330 1372 caeso
350 1330 459 1372 exuere
475 1313 600 1372 votivum
621 1311 836 1391 obligatumque
852 1312 948 1376 virtuti
974 1315 1033 1374 oris
1047 1313 1126 1375 habi·

139 1404 206 1454 tum.
246 1411 333 1472 super
357 1395 522 1472 sanquinem
545 1403 574 1454 et
595 1394 689 1472 spolio
713 1398 843 1456 revelent
867 1397 1011 1473 frontem,
1039 1413 1153 1476 seques

140 1485 197 1537 tum
218 1477 329 1538 demum
353 1479 445 1554 pretio
472 1478 608 1537 nascendi
630 1476 774 1538 rettulisse
796 1479 959 1556 dignosque
986 1479 1130 1554 petrinae

139 1559 304 1638 perentibus
320 1560 428 1620 ierunt:
450 1559 562 1636 ignaris
582 1567 611 1619 et
626 1558 788 1620 imbellibus
801 1569 895 1620 manet
909 1560 1039 1639 squalor.
1072 1562 1129 1622 ior·

138 1643 263 1702 tissimus
286 1643 408 1722 quisque
428 1641 552 1702 ferreum
573 1643 690 1721 insuper
710 1643 822 1704 anulum
844 1643 1081 1722 (ignominiosum
1101 1643 1129 1702 id

139 1725 233 1802 genti)
253 1723 331 1784 velut
351 1724 493 1784 uinculum
513 1733 621 1803 gestat,
644 1724 738 1785 donec
757 1745 789 1786 se
813 1726 903 1788 coede
919 1725 1011 1785 bostis
1031 1726 1126 1786 absol·

139 1816 194 1867 vet.
226 1807 354 1886 plurimis
375 1805 540 1884 Chattorum
558 1808 606 1868 bic
624 1808 719 1886 placet
738 1808 866 1884 babitus,
886 1810 998 1887 iamque
1025 1817 1163 1870 cunentro

11 1963 16 1974 .
139 1892 266 1966 insignes
285 1899 314 1949 et
330 1890 460 1950 hostibus
477 1891 559 1950 simul
575 1892 691 1970 suisque
709 1894 868 1952 monstrati.
899 1893 1021 1950 omnium
1037 1909 1128 1970 penes

137 1974 193 2033 bos
213 1973 290 2031 initio
313 1989 485 2051 pugnarum:
507 1973 580 2033 baec
596 1975 685 2050 primu
700 1991 817 2053 semper
836 1975 931 2048 ecies,
953 1975 1017 2032 visu
1036 1989 1126 2039 novo3

138 2073 202 2115 num
215 2072 252 2114 nc
265 2055 294 2114 in
311 2071 382 2134 poce
397 2053 510 2131 quidem
525 2055 606 2114 voltu
621 2057 732 2115 mitiore
745 2063 955 2116 mansuescunt.
987 2054 1060 2114 nulli
1078 2055 1127 2114 do

138 2157 200 2198 mus
221 2146 269 2198 aut
291 2154 362 2215 ager
384 2147 431 2196 eut
451 2136 545 2215 eliqua
569 2155 652 2198 curu:
684 2147 769 2217 prout
790 2137 826 2198 ud
847 2153 987 2216 quemque
1011 2155 1128 2213 venere,

140 2222 263 2295 aluntur,
287 2220 399 2299 prodigi
419 2219 520 2295 alieni,
542 2229 754 2312 contemptores
776 2222 835 2295 sni,
859 2219 952 2280 donec
972 2219 1161 2296 exsanguism

139 2313 273 2363 senectus
290 2314 346 2363 tum
363 2303 450 2363 durae
467 2305 563 2363 virtuti
577 2305 700 2382 impares
715 2303 811 2364 leciet.

200 2386 251 2448 32.
278 2385 403 2446 Proximi
425 2385 532 2444 Chattis
561 2397 668 2446 eertum
688 2388 743 2446 iam
764 2386 849 2446 alveo
872 2383 1002 2444 libertum
1024 2385 1127 2462 quique

139 2468 276 2528 terminus
296 2485 362 2526 esse
384 2468 508 2526 sulliciet
528 2468 613 2546 Usipi
635 2485 670 2528 uc
690 2467 826 2528 Tencteri
847 2466 953 2526 colunt.
996 2465 1131 2526 Tencteri

138 2569 228 2630 super
243 2551 355 2610 solitum
372 2548 513 2609 bellorum
525 2549 613 2610 decus
626 2550 769 2627 equestris
785 2546 953 2626 disciplinae
971 2556 1032 2608 orte
1047 2565 1129 2626 proe-

141 2634 261 2702 cellunte
279 2651 335 2692 nec
350 2633 440 2691 maior
460 2631 534 2710 apud
550 2629 668 2693 Chattos
683 2631 807 2710 peditum
821 2629 884 2691 lons
905 2648 988 2710 quen
1008 2630 1129 2692 Tencte-

138 2719 178 2778 ris
193 2718 327 2794 equitnm.
358 2717 401 2775 sic
416 2715 564 2775 instituere
579 2716 718 2775 maiores:
737 2714 846 2792 posteri
861 2714 1011 2774 imitantur.
1040 2712 1068 2772 lri
1089 2713 1156 2772 lu·u

141 2818 189 2859 sus
204 2800 365 2875 infantium,
388 2796 462 2858 boec
482 2799 614 2858 iuvenum
629 2797 798 2866 aemulatioe
824 2804 1013 2876 perseverant
1034 2811 1129 2855 senes.

140 2885 213 2941 inter
227 2875 360 2942 familiam
372 2889 402 2940 et
414 2889 533 2959 penates
546 2890 575 2941 et
586 2883 645 2941 iure
658 2881 873 2940 successionum
886 2880 952 2957 equi
966 2877 1129 2938 truduntur:

142 2964 250 3041 excipit
264 2964 355 3040 llius,
373 2980 430 3023 non
446 2973 476 3022 ut
491 2972 603 3039 cetero,
620 2965 757 3024 maximus
771 2971 855 3037 netu,
876 2962 928 3021 sed
942 2966 1027 3039 prout
1048 2959 1132 3017 lerox

142 3045 221 3108 bello
237 3056 266 3106 et
282 3045 393 3106 melior.

201 3127 251 3188 33.
283 3129 363 3188 quta
383 3125 545 3189 Tencteros
563 3126 694 3187 Bructeri
722 3128 789 3188 olim
818 3123 1025 3188 occurrebant:
1057 3140 1133 3182 nunc

142 3209 303 3272 chamavos
324 3219 353 3269 et
371 3209 563 3287 Angrivarios
583 3210 753 3287 inmiqmsse
774 3219 920 3282 narratur,
949 3203 1040 3285 pulsis
1063 3205 1132 3266 Bru·

142 3295 282 3372 uterique
304 3292 416 3372 penitus
438 3294 545 3352 excisis
561 3293 716 3356 ricinumm
739 3308 881 3354 consensu
896 3291 1059 3362 nationum
1082 3307 1134 3350 seu

142 3376 295 3455 superbiae
323 3374 390 3436 odio
418 3393 470 3434 seu
490 3375 616 3453 praedae
639 3375 791 3434 dulcedine
813 3391 865 3433 eeu
885 3372 988 3433 farore
1007 3373 1128 3452 quodem

142 3475 213 3534 erge
227 3476 280 3521 nos
292 3457 424 3526 deorum;
441 3475 505 3517 nem
520 3475 557 3518 ue
569 3456 736 3538 spectaculo
750 3455 861 3536 quidem
873 3454 977 3532 proelii
991 3451 1151 3513 irriderer
