2580 3900
171 161 234 222 226
416 167 928 220 conusnrrrscrnracnrconon

174 323 339 402 conscripta
360 333 388 384 et
410 324 438 383 in
454 323 627 383 Britanniam
648 323 814 382 transmissa
829 336 962 395 magnum
984 337 1019 380 ao
1034 335 1175 382 memora·

172 409 231 469 bile
246 407 356 468 lacinus
378 425 447 470 ausa
463 416 517 472 est.
547 407 647 466 occiso
665 406 833 466 centurione
847 421 882 463 ac
897 402 1051 481 militibus,
1074 406 1123 484 qui
1138 405 1176 466 ad

172 490 337 553 tradendam
358 490 541 570 disciplinam
562 491 681 549 immixti
708 489 860 567 manipulis
886 487 1051 567 exemplum
1073 497 1105 548 et
1129 509 1175 549 re·

149 586 271 637 setores
291 574 485 653 habebantur,
507 575 559 634 tris
580 573 736 634 liburnicas
757 572 867 634 adactis
882 573 1007 650 pervim
1027 570 1175 650 guberna·

171 658 282 720 toribus
305 659 480 726 ascendere;
504 666 533 717 et
554 673 611 716 uno
633 659 809 734 remigante,
828 657 974 734 suspectis
994 654 1108 716 duobus
1123 673 1175 716 eo-

172 761 227 822 que
243 743 419 820 interlectis,
442 740 565 801 nondum
586 741 706 818 vulgato
722 757 838 800 rumore
854 748 884 799 ut
904 739 1071 799 miraculum
1090 757 1175 818 prae-

171 825 359 886 vebebantur.
376 843 444 886 mox
456 825 624 903 adaquatum
639 823 814 903 atqueutilia
826 831 937 902 raptum
948 831 1097 900 exeuntes,
1112 841 1175 883 cunr

173 909 322 987 plerisque
342 909 542 970 Britannorum
563 926 614 968 sua
636 907 847 968 defensantium
869 907 984 986 proelio
1009 907 1175 984 congressi,

140 1011 207 1056 roae
224 1010 315 1072 saepe
327 994 470 1071 victores,
496 991 649 1070 aliquando
664 990 755 1070 pulsi,
779 1007 815 1050 eo
832 989 867 1051 ad
882 999 1039 1051 extremum
1056 991 1176 1068 inopiae

174 1095 298 1153 venere,
315 1085 344 1136 ut
357 1077 566 1158 infirmissimos
579 1092 704 1152 suorum,
720 1090 788 1134 mox
803 1083 883 1134 sorte
898 1073 1001 1134 ductos
1018 1091 1175 1134 vesceren-

172 1170 227 1220 tur.
257 1168 344 1239 atque
360 1162 398 1220 ita
419 1160 603 1219 circumvecti
619 1158 808 1235 Britanniam,
833 1159 945 1218 arnissis
961 1176 1016 1238 per
1031 1158 1174 1218 inscitiam

173 1243 295 1320 regendi
314 1242 453 1320 navibus,
474 1259 528 1322 pro
545 1240 742 1319 praedonibus
757 1241 863 1319 habiti,
885 1242 1006 1321 primum
1024 1259 1041 1302 a
1056 1241 1174 1315 Suebis,

173 1343 241 1387 mox
256 1325 389 1388 aFrisiis
405 1327 561 1405 intercepti
575 1334 648 1386 sunt.
684 1343 719 1386 ac
733 1325 816 1387 luere
834 1341 907 1404 quos
927 1343 982 1403 per
999 1326 1174 1386 commercia

138 1411 361 1476 asvenumdatos
376 1421 405 1471 et
421 1411 449 1470 in
469 1419 597 1470 nostram
617 1427 708 1488 usque
730 1409 821 1488 ripam
843 1411 999 1470 mutatione
1020 1411 1173 1470 ementium

174 1494 314 1556 adductos
329 1495 463 1556 indicium
478 1495 547 1554 tanti
564 1511 648 1554 casus
665 1492 835 1553 inlustravit.

236 1578 286 1641 29.
304 1578 387 1639 lnitio
405 1579 523 1638 aestatis
537 1576 678 1654 Agricola
693 1575 853 1637 domestico
865 1577 1082 1652 vulnereictus,
1099 1593 1174 1637 anno

173 1671 240 1722 ante
254 1670 349 1721 natum
361 1661 450 1721 tilium
465 1661 567 1722 amisit.
597 1677 682 1739 quem
694 1677 790 1721 cusum
805 1678 901 1739 neque
917 1671 947 1720 ut
963 1661 1098 1740 plerique
1114 1660 1172 1721 lor·

172 1746 240 1804 tium
261 1745 386 1804 virorum
409 1744 573 1822 ambitiose,
597 1762 693 1823 neque
714 1762 767 1822 per
786 1744 910 1805 lamenta
929 1762 1028 1804 rursus
1047 1760 1081 1804 ao
1096 1761 1174 1803 mae·

171 1845 269 1888 rorem
281 1826 459 1888 muliebriter
474 1829 551 1888 tulit:
568 1836 597 1887 et
610 1828 638 1886 in
652 1827 731 1889 luctu
742 1827 850 1888 bellum
865 1829 939 1888 inter
955 1827 1084 1888 remedia
1099 1837 1173 1887 erat.
1262 1874 1266 1894 .

148 1912 258 1988 sigitur
269 1913 428 1990 praemissa
445 1912 549 1989 classe,
566 1929 641 1990 quae
653 1910 783 1989 pluribus
799 1911 873 1972 locis
885 1912 1024 1990 praedata
1038 1928 1173 1988 magnum

173 2003 202 2054 et
217 1997 358 2056 incertum
373 2005 515 2056 terrorem
529 1995 656 2073 laceret,
678 1995 814 2075 expedito
832 1997 977 2072 exercitu,
998 1997 1042 2056 cui
1058 2012 1095 2054 err
1110 1993 1173 2053 Bri·

171 2079 265 2139 tannis
287 2078 460 2142 fortissimos
486 2088 514 2140 et
536 2079 625 2156 longa
652 2097 726 2157 pace
752 2079 922 2158 exploratos
945 2078 1109 2154 addiderat,
1138 2077 1173 2137 ad

171 2172 297 2223 montem
313 2163 466 2242 Graupium
481 2163 623 2240 pervenit,
644 2179 728 2240 quem
745 2163 798 2223 ianr
814 2163 907 2224 hostis
923 2161 1079 2223 insederat.
1108 2179 1173 2222 nam

172 2245 300 2305 Britanni
314 2245 383 2305 nihil
403 2248 489 2307 fracti
509 2263 625 2325 pugnas
646 2246 750 2324 prioris
772 2256 893 2325 eventu,
916 2255 946 2308 et
966 2247 1105 2307 ultionem
1126 2255 1174 2305 aut

139 2329 320 2392 roseruitium
338 2337 547 2408 expectantes,
563 2329 735 2408 tandemque
753 2329 830 2390 docti
847 2348 996 2392 commune
1012 2329 1173 2409 periculum

173 2413 328 2476 concordia
345 2412 589 2494 propulsandum,
609 2412 802 2491 legationibus
819 2422 849 2474 et
865 2415 1036 2476 foederibus
1049 2414 1173 2474 omnium

174 2497 329 2557 civitatium
349 2499 427 2558 vires
446 2499 624 2558 exciverunt.
658 2497 771 2576 iamque
787 2515 876 2577 super
896 2499 1011 2576 triginta
1031 2497 1109 2557 milia
1128 2513 1171 2555 ar-

171 2589 312 2640 matorum
331 2581 563 2661 aspiciebantur,
588 2589 617 2640 et
639 2579 733 2641 adhuc
759 2580 904 2642 adlluebat
924 2582 1017 2642 omnis
1040 2581 1173 2640 iuuentus

173 2672 202 2722 et
217 2663 321 2741 quibus
337 2663 424 2726 cruda
445 2682 481 2725 ac
496 2665 595 2724 viridis
612 2671 765 2742 senectus,
789 2665 859 2725 clari
878 2665 959 2726 bello
982 2674 1011 2725 et
1027 2683 1078 2724 sua
1096 2665 1172 2743 quis·

138 2765 163 2808 an
175 2765 231 2826 que
247 2747 353 2808 decora
368 2757 536 2826 gestantes,
559 2765 623 2808 cum
642 2750 717 2808 inter
731 2749 829 2828 plures
846 2747 936 2810 duces
952 2751 1056 2813 virtute
1075 2757 1105 2807 et
1121 2763 1172 2823 ge-

171 2847 243 2891 nere
259 2841 427 2910 praestans,
448 2833 563 2893 nomine
580 2829 742 2910 Calgacus,
766 2831 841 2910 apud
857 2841 1034 2894 contractam
1049 2830 1174 2890 multitu-

172 2915 267 2975 dinem
286 2916 427 2995 proelium
444 2924 614 2996 poscentem
630 2918 659 2975 in
675 2915 750 2976 bunc
766 2915 880 2976 modurn
895 2917 1009 2978 locutus
1025 2916 1132 2975 iertur:

236 2999 286 3060 30.
315 3001 475 3076 ‘Quotiens
497 3017 599 3062 causas
623 2999 693 3060 belli
714 3009 742 3060 et
763 3001 966 3060 necessitatem
986 3007 1114 3059 nostram
1133 2995 1173 3057 in·

174 3094 274 3161 tueor,
298 3103 419 3162 magnus
435 3085 502 3146 mibi
522 3085 629 3146 animus
645 3092 692 3144 est
708 3082 876 3144 hodiernum
894 3083 969 3144 diem
987 3099 1173 3144 consensum·

173 3185 230 3246 que
251 3178 378 3230 vestrum
399 3170 507 3230 initium
528 3167 669 3228 libertatis
690 3169 743 3228 toti
764 3167 928 3228 Britanniae
949 3168 1030 3238 lore3
1058 3183 1123 3226 nam
1146 3174 1176 3224 et

171 3253 299 3312 universi
319 3255 466 3315 servitutis
482 3260 620 3333 expertes
636 3260 665 3311 et
677 3251 773 3313 nullae
790 3253 863 3312 ultra
879 3261 976 3312 terrae
993 3270 1028 3314 ac
1041 3267 1078 3310 ne
1093 3265 1174 3310 mare

150 3333 288 3413 squidem
308 3354 440 3398 securum
463 3337 616 3398 inminente
636 3335 719 3396 nobis
743 3337 837 3396 classe
855 3336 995 3397 Romana.
1026 3336 1065 3393 ita
1086 3349 1174 3410 proe-

171 3416 241 3479 lium
259 3427 344 3498 atque
360 3437 453 3500 arma,
476 3441 550 3502 qnae
570 3419 692 3481 lortibus
709 3418 849 3498 bonesta,
872 3418 972 3479 eadem
989 3419 1073 3480 etiam
1091 3417 1172 3493 igno-
