<?xml version="1.0" encoding="UTF-8"?>
<!DOCTYPE html PUBLIC "-//W3C//DTD XHTML 1.0 Transitional//EN"
    "http://www.w3.org/TR/xhtml1/DTD/xhtml1-transitional.dtd">
<html xmlns="http://www.w3.org/1999/xhtml" xml:lang="en" lang="en">
 <head>
  <title>
</title>
<meta http-equiv="Content-Type" content="text/html;charset=utf-8" />
  <meta name='ocr-system' content='tesseract 3.04.00' />
  <meta name='ocr-capabilities' content='ocr_page ocr_carea ocr_par ocr_line ocrx_word'/>
</head>
<body>
  <div class='ocr_page' id='page_1' title='image "./germaniaagricol01tacigoog_0037.png"; bbox 0 0 2580 3900; ppageno 0'>
   <div class='ocr_carea' id='block_1_1' title="bbox 170 104 929 166">
    <p class='ocr_par' dir='ltr' id='par_1_1' title="bbox 170 104 929 166">
     <span class='ocr_line' id='line_1_1' title="bbox 170 104 929 166; baseline -0.009 -3"><span class='ocrx_word' id='word_1_1' title='bbox 170 104 231 166; x_wconf 77' lang='lat'>218</span> <span class='ocrx_word' id='word_1_2' title='bbox 417 113 582 164; x_wconf 77' lang='lat' dir='ltr'>conanum</span> <span class='ocrx_word' id='word_1_3' title='bbox 598 111 714 160; x_wconf 70' lang='lat' dir='ltr'>&#39;rncmr</span> <span class='ocrx_word' id='word_1_4' title='bbox 730 109 929 158; x_wconf 78' lang='lat' dir='ltr'>nunrconne</span> 
     </span>
    </p>
   </div>
   <div class='ocr_carea' id='block_1_2' title="bbox 95 264 1177 1436">
    <p class='ocr_par' dir='ltr' id='par_1_2' title="bbox 170 264 1174 516">
     <span class='ocr_line' id='line_1_2' title="bbox 170 264 1172 346; baseline -0.006 -16"><span class='ocrx_word' id='word_1_5' title='bbox 170 272 256 330; x_wconf 92' lang='lat' dir='ltr'>maris</span> <span class='ocrx_word' id='word_1_6' title='bbox 278 268 384 330; x_wconf 88' lang='lat' dir='ltr'>tardius</span> <span class='ocrx_word' id='word_1_7' title='bbox 405 267 570 346; x_wconf 78' lang='lat' dir='ltr'><strong>impellitur.</strong></span> <span class='ocrx_word' id='word_1_8' title='bbox 611 275 738 328; x_wconf 88' lang='lat' dir='ltr'>naturam</span> <span class='ocrx_word' id='word_1_9' title='bbox 759 264 868 326; x_wconf 82' lang='lat' dir='ltr'>Oceani</span> <span class='ocrx_word' id='word_1_10' title='bbox 890 272 976 343; x_wconf 83' lang='lat' dir='ltr'>atque</span> <span class='ocrx_word' id='word_1_11' title='bbox 1003 273 1101 325; x_wconf 85' lang='lat' dir='ltr'>aestus</span> <span class='ocrx_word' id='word_1_12' title='bbox 1123 282 1172 324; x_wconf 91' lang='lat' dir='ltr'>uc·</span> 
     </span>
     <span class='ocr_line' id='line_1_3' title="bbox 171 347 1173 432; baseline -0.006 -18"><span class='ocrx_word' id='word_1_13' title='bbox 171 373 228 432; x_wconf 91' lang='lat' dir='ltr'>que</span> <span class='ocrx_word' id='word_1_14' title='bbox 246 371 388 432; x_wconf 80' lang='lat' dir='ltr'>quaerere</span> <span class='ocrx_word' id='word_1_15' title='bbox 403 353 485 412; x_wconf 92' lang='lat' dir='ltr'>buius</span> <span class='ocrx_word' id='word_1_16' title='bbox 501 352 601 430; x_wconf 92' lang='lat' dir='ltr'>operis</span> <span class='ocrx_word' id='word_1_17' title='bbox 618 358 679 426; x_wconf 90' lang='lat' dir='ltr'>est,</span> <span class='ocrx_word' id='word_1_18' title='bbox 697 366 733 408; x_wconf 89' lang='lat' dir='ltr'>ac</span> <span class='ocrx_word' id='word_1_19' title='bbox 749 347 827 409; x_wconf 89' lang='lat' dir='ltr'>multi</span> <span class='ocrx_word' id='word_1_20' title='bbox 843 348 998 420; x_wconf 71' lang='lat' dir='ltr'>rettulere:</span> <span class='ocrx_word' id='word_1_21' title='bbox 1023 365 1109 408; x_wconf 91' lang='lat' dir='ltr'>uuum</span> <span class='ocrx_word' id='word_1_22' title='bbox 1124 347 1173 408; x_wconf 91' lang='lat' dir='ltr'>ad·</span> 
     </span>
     <span class='ocr_line' id='line_1_4' title="bbox 171 431 1174 516; baseline -0.006 -18"><span class='ocrx_word' id='word_1_23' title='bbox 171 437 302 514; x_wconf 87' lang='lat' dir='ltr'>diderim‚</span> <span class='ocrx_word' id='word_1_24' title='bbox 318 454 458 516; x_wconf 86' lang='lat' dir='ltr'>nusquam</span> <span class='ocrx_word' id='word_1_25' title='bbox 470 435 554 496; x_wconf 88' lang='lat' dir='ltr'>latins</span> <span class='ocrx_word' id='word_1_26' title='bbox 569 432 707 496; x_wconf 90' lang='lat' dir='ltr'>dominari</span> <span class='ocrx_word' id='word_1_27' title='bbox 724 450 814 508; x_wconf 87' lang='lat' dir='ltr'>mare,</span> <span class='ocrx_word' id='word_1_28' title='bbox 829 433 947 494; x_wconf 90' lang='lat' dir='ltr'>multum</span> <span class='ocrx_word' id='word_1_29' title='bbox 961 432 1107 492; x_wconf 92' lang='lat' dir='ltr'>lluminum</span> <span class='ocrx_word' id='word_1_30' title='bbox 1117 431 1174 492; x_wconf 89' lang='lat' dir='ltr'>huc</span> 
     </span>
    </p>

    <p class='ocr_par' dir='ltr' id='par_1_3' title="bbox 136 515 1174 748">
     <span class='ocr_line' id='line_1_5' title="bbox 136 515 1173 600; baseline -0.007 -18"><span class='ocrx_word' id='word_1_31' title='bbox 136 541 161 582; x_wconf 78' lang='lat' dir='ltr'>aa</span> <span class='ocrx_word' id='word_1_32' title='bbox 171 531 257 600; x_wconf 88' lang='lat' dir='ltr'>atque</span> <span class='ocrx_word' id='word_1_33' title='bbox 273 521 343 580; x_wconf 93' lang='lat' dir='ltr'>illuc</span> <span class='ocrx_word' id='word_1_34' title='bbox 358 521 447 597; x_wconf 84' lang='lat' dir='ltr'>ierne,</span> <span class='ocrx_word' id='word_1_35' title='bbox 473 537 528 578; x_wconf 92' lang='lat' dir='ltr'>nec</span> <span class='ocrx_word' id='word_1_36' title='bbox 551 518 636 579; x_wconf 90' lang='lat' dir='ltr'>litore</span> <span class='ocrx_word' id='word_1_37' title='bbox 656 525 740 576; x_wconf 88' lang='lat' dir='ltr'>tenus</span> <span class='ocrx_word' id='word_1_38' title='bbox 757 516 931 578; x_wconf 81' lang='lat' dir='ltr'>adcrescere</span> <span class='ocrx_word' id='word_1_39' title='bbox 952 524 1000 576; x_wconf 89' lang='lat' dir='ltr'>aut</span> <span class='ocrx_word' id='word_1_40' title='bbox 1013 515 1173 594; x_wconf 75' lang='lat' dir='ltr'>resorberi,</span> 
     </span>
     <span class='ocr_line' id='line_1_6' title="bbox 171 599 1174 684; baseline -0.007 -18"><span class='ocrx_word' id='word_1_41' title='bbox 171 606 224 666; x_wconf 92' lang='lat' dir='ltr'>sed</span> <span class='ocrx_word' id='word_1_42' title='bbox 239 605 360 665; x_wconf 89' lang='lat' dir='ltr'>induere</span> <span class='ocrx_word' id='word_1_43' title='bbox 376 605 489 684; x_wconf 91' lang='lat' dir='ltr'>penitus</span> <span class='ocrx_word' id='word_1_44' title='bbox 503 611 589 681; x_wconf 85' lang='lat' dir='ltr'>atque</span> <span class='ocrx_word' id='word_1_45' title='bbox 605 601 729 677; x_wconf 88' lang='lat' dir='ltr'>ambire,</span> <span class='ocrx_word' id='word_1_46' title='bbox 745 609 774 659; x_wconf 93' lang='lat' dir='ltr'>et</span> <span class='ocrx_word' id='word_1_47' title='bbox 787 602 862 678; x_wconf 74' lang='lat' dir='ltr'>iugis</span> <span class='ocrx_word' id='word_1_48' title='bbox 877 601 962 661; x_wconf 89' lang='lat' dir='ltr'>ctiam</span> <span class='ocrx_word' id='word_1_49' title='bbox 975 617 1012 662; x_wconf 89' lang='lat' dir='ltr'>ac</span> <span class='ocrx_word' id='word_1_50' title='bbox 1027 599 1174 663; x_wconf 88' lang='lat' dir='ltr'>montibus</span> 
     </span>
     <span class='ocr_line' id='line_1_7' title="bbox 171 687 481 748; baseline -0.013 0"><span class='ocrx_word' id='word_1_51' title='bbox 171 689 260 748; x_wconf 90' lang='lat' dir='ltr'>inseri</span> <span class='ocrx_word' id='word_1_52' title='bbox 278 687 401 747; x_wconf 88' lang='lat' dir='ltr'>velutin</span> <span class='ocrx_word' id='word_1_53' title='bbox 419 705 481 747; x_wconf 90' lang='lat' dir='ltr'>suo.</span> 
     </span>
    </p>

    <p class='ocr_par' dir='ltr' id='par_1_4' title="bbox 171 768 1174 1099">
     <span class='ocr_line' id='line_1_8' title="bbox 236 768 1174 849; baseline -0.003 -19"><span class='ocrx_word' id='word_1_54' title='bbox 236 773 284 830; x_wconf 86' lang='lat'>11.</span> <span class='ocrx_word' id='word_1_55' title='bbox 307 770 443 830; x_wconf 79' lang='lat' dir='ltr'>Ueterum</span> <span class='ocrx_word' id='word_1_56' title='bbox 457 770 630 832; x_wconf 76' lang='lat' dir='ltr'>Britanniam</span> <span class='ocrx_word' id='word_1_57' title='bbox 646 771 692 849; x_wconf 90' lang='lat' dir='ltr'>qui</span> <span class='ocrx_word' id='word_1_58' title='bbox 709 771 848 831; x_wconf 82' lang='lat' dir='ltr'>mortales</span> <span class='ocrx_word' id='word_1_59' title='bbox 865 769 944 830; x_wconf 87' lang='lat' dir='ltr'>initio</span> <span class='ocrx_word' id='word_1_60' title='bbox 962 768 1116 846; x_wconf 74' lang='lat' dir='ltr'>coluerint,</span> <span class='ocrx_word' id='word_1_61' title='bbox 1134 770 1174 828; x_wconf 93' lang='lat' dir='ltr'>in-</span> 
     </span>
     <span class='ocr_line' id='line_1_9' title="bbox 171 851 1174 934; baseline -0.006 -17"><span class='ocrx_word' id='word_1_62' title='bbox 171 858 295 934; x_wconf 81' lang='lat' dir='ltr'>digenae</span> <span class='ocrx_word' id='word_1_63' title='bbox 312 873 347 914; x_wconf 90' lang='lat' dir='ltr'>an</span> <span class='ocrx_word' id='word_1_64' title='bbox 362 854 492 931; x_wconf 84' lang='lat' dir='ltr'>advecti,</span> <span class='ocrx_word' id='word_1_65' title='bbox 508 863 538 915; x_wconf 88' lang='lat' dir='ltr'>ut</span> <span class='ocrx_word' id='word_1_66' title='bbox 553 856 627 914; x_wconf 91' lang='lat' dir='ltr'>iuter</span> <span class='ocrx_word' id='word_1_67' title='bbox 642 852 783 914; x_wconf 89' lang='lat' dir='ltr'>barbaros</span> <span class='ocrx_word' id='word_1_68' title='bbox 797 871 897 932; x_wconf 92' lang='lat' dir='ltr'>parum</span> <span class='ocrx_word' id='word_1_69' title='bbox 913 861 1099 932; x_wconf 91' lang='lat' dir='ltr'>compertum.</span> <span class='ocrx_word' id='word_1_70' title='bbox 1125 851 1174 912; x_wconf 88' lang='lat' dir='ltr'>ha-</span> 
     </span>
     <span class='ocr_line' id='line_1_10' title="bbox 171 938 1174 1017; baseline -0.004 -17"><span class='ocrx_word' id='word_1_71' title='bbox 171 941 247 1000; x_wconf 91' lang='lat' dir='ltr'>bitus</span> <span class='ocrx_word' id='word_1_72' title='bbox 263 956 417 1017; x_wconf 89' lang='lat' dir='ltr'>corporum</span> <span class='ocrx_word' id='word_1_73' title='bbox 432 940 503 1000; x_wconf 88' lang='lat' dir='ltr'>varii</span> <span class='ocrx_word' id='word_1_74' title='bbox 525 947 611 1017; x_wconf 88' lang='lat' dir='ltr'>atque</span> <span class='ocrx_word' id='word_1_75' title='bbox 635 956 672 997; x_wconf 87' lang='lat' dir='ltr'>ex</span> <span class='ocrx_word' id='word_1_76' title='bbox 689 956 724 997; x_wconf 90' lang='lat' dir='ltr'>eo</span> <span class='ocrx_word' id='word_1_77' title='bbox 747 946 926 1015; x_wconf 76' lang='lat' dir='ltr'>argumenta.</span> <span class='ocrx_word' id='word_1_78' title='bbox 960 955 1083 1016; x_wconf 90' lang='lat' dir='ltr'>namque</span> <span class='ocrx_word' id='word_1_79' title='bbox 1107 938 1174 996; x_wconf 87' lang='lat' dir='ltr'>ruti-</span> 
     </span>
     <span class='ocr_line' id='line_1_11' title="bbox 171 1021 1174 1099; baseline -0.005 -15"><span class='ocrx_word' id='word_1_80' title='bbox 171 1025 218 1084; x_wconf 90' lang='lat' dir='ltr'>lae</span> <span class='ocrx_word' id='word_1_81' title='bbox 234 1022 420 1084; x_wconf 83' lang='lat' dir='ltr'>Galedoniam</span> <span class='ocrx_word' id='word_1_82' title='bbox 436 1021 622 1082; x_wconf 84' lang='lat' dir='ltr'>habitantium</span> <span class='ocrx_word' id='word_1_83' title='bbox 636 1039 753 1098; x_wconf 83' lang='lat' dir='ltr'>comae,</span> <span class='ocrx_word' id='word_1_84' title='bbox 767 1023 864 1099; x_wconf 85' lang='lat' dir='ltr'>magni</span> <span class='ocrx_word' id='word_1_85' title='bbox 880 1030 959 1082; x_wconf 87' lang='lat' dir='ltr'>artus</span> <span class='ocrx_word' id='word_1_86' title='bbox 975 1021 1174 1082; x_wconf 83' lang='lat' dir='ltr'>Germanicam</span> 
     </span>
    </p>

    <p class='ocr_par' dir='ltr' id='par_1_5' title="bbox 95 1105 1177 1436">
     <span class='ocr_line' id='line_1_12' title="bbox 149 1105 1174 1184; baseline 0 -20"><span class='ocrx_word' id='word_1_87' title='bbox 149 1108 316 1184; x_wconf 83' lang='lat' dir='ltr'>soriginem</span> <span class='ocrx_word' id='word_1_88' title='bbox 336 1106 519 1167; x_wconf 89' lang='lat' dir='ltr'>adseverant.</span> <span class='ocrx_word' id='word_1_89' title='bbox 565 1105 687 1166; x_wconf 87' lang='lat' dir='ltr'>Silurum</span> <span class='ocrx_word' id='word_1_90' title='bbox 707 1106 829 1166; x_wconf 91' lang='lat' dir='ltr'>colorati</span> <span class='ocrx_word' id='word_1_91' title='bbox 843 1105 948 1184; x_wconf 85' lang='lat' dir='ltr'>uultus,</span> <span class='ocrx_word' id='word_1_92' title='bbox 964 1106 1032 1166; x_wconf 88' lang='lat' dir='ltr'>torti</span> <span class='ocrx_word' id='word_1_93' title='bbox 1049 1105 1174 1183; x_wconf 90' lang='lat' dir='ltr'>plerum-</span> 
     </span>
     <span class='ocr_line' id='line_1_13' title="bbox 95 1188 1174 1269; baseline -0.003 -19"><span class='ocrx_word' id='word_1_94' title='bbox 95 1227 98 1234; x_wconf 44' lang='grc' dir='ltr'>ι</span> <span class='ocrx_word' id='word_1_95' title='bbox 173 1209 228 1269; x_wconf 92' lang='lat' dir='ltr'>que</span> <span class='ocrx_word' id='word_1_96' title='bbox 250 1192 345 1250; x_wconf 89' lang='lat' dir='ltr'>crines</span> <span class='ocrx_word' id='word_1_97' title='bbox 362 1198 391 1250; x_wconf 94' lang='lat' dir='ltr'>et</span> <span class='ocrx_word' id='word_1_98' title='bbox 408 1190 502 1266; x_wconf 87' lang='lat' dir='ltr'>posita</span> <span class='ocrx_word' id='word_1_99' title='bbox 525 1197 624 1249; x_wconf 88' lang='lat' dir='ltr'>contra</span> <span class='ocrx_word' id='word_1_100' title='bbox 647 1189 785 1268; x_wconf 85' lang='lat' dir='ltr'>Hispania</span> <span class='ocrx_word' id='word_1_101' title='bbox 801 1188 927 1250; x_wconf 89' lang='lat' dir='ltr'>Hiberos</span> <span class='ocrx_word' id='word_1_102' title='bbox 949 1197 1067 1249; x_wconf 86' lang='lat' dir='ltr'>veteres</span> <span class='ocrx_word' id='word_1_103' title='bbox 1089 1190 1174 1248; x_wconf 88' lang='lat' dir='ltr'>truie·</span> 
     </span>
     <span class='ocr_line' id='line_1_14' title="bbox 172 1271 1175 1353; baseline -0.003 -19"><span class='ocrx_word' id='word_1_104' title='bbox 172 1277 249 1334; x_wconf 92' lang='lat' dir='ltr'>cisse</span> <span class='ocrx_word' id='word_1_105' title='bbox 267 1290 375 1351; x_wconf 87' lang='lat' dir='ltr'>easque</span> <span class='ocrx_word' id='word_1_106' title='bbox 395 1272 481 1333; x_wconf 92' lang='lat' dir='ltr'>sedes</span> <span class='ocrx_word' id='word_1_107' title='bbox 500 1290 665 1352; x_wconf 87' lang='lat' dir='ltr'>occupasse</span> <span class='ocrx_word' id='word_1_108' title='bbox 688 1273 772 1332; x_wconf 89' lang='lat' dir='ltr'>fidem</span> <span class='ocrx_word' id='word_1_109' title='bbox 792 1274 910 1334; x_wconf 88' lang='lat' dir='ltr'>iaciunt.</span> <span class='ocrx_word' id='word_1_110' title='bbox 940 1272 1064 1353; x_wconf 86' lang='lat' dir='ltr'>proximi</span> <span class='ocrx_word' id='word_1_111' title='bbox 1085 1271 1175 1333; x_wconf 86' lang='lat' dir='ltr'>Gallis</span> 
     </span>
     <span class='ocr_line' id='line_1_15' title="bbox 172 1355 1177 1436; baseline -0.001 -20"><span class='ocrx_word' id='word_1_112' title='bbox 172 1366 202 1417; x_wconf 89' lang='lat' dir='ltr'>et</span> <span class='ocrx_word' id='word_1_113' title='bbox 218 1357 327 1417; x_wconf 87' lang='lat' dir='ltr'>similes</span> <span class='ocrx_word' id='word_1_114' title='bbox 342 1366 421 1434; x_wconf 89' lang='lat' dir='ltr'>sunt,</span> <span class='ocrx_word' id='word_1_115' title='bbox 445 1375 496 1434; x_wconf 91' lang='lat' dir='ltr'>seu</span> <span class='ocrx_word' id='word_1_116' title='bbox 518 1356 636 1418; x_wconf 90' lang='lat' dir='ltr'>durante</span> <span class='ocrx_word' id='word_1_117' title='bbox 658 1359 778 1434; x_wconf 85' lang='lat' dir='ltr'>originis</span> <span class='ocrx_word' id='word_1_118' title='bbox 798 1358 842 1436; x_wconf 90' lang='lat' dir='ltr'>vi,</span> <span class='ocrx_word' id='word_1_119' title='bbox 867 1375 918 1418; x_wconf 91' lang='lat' dir='ltr'>seu</span> <span class='ocrx_word' id='word_1_120' title='bbox 935 1355 1177 1435; x_wconf 88' lang='lat' dir='ltr'>procurrentibus</span> 
     </span>
    </p>
   </div>
   <div class='ocr_carea' id='block_1_3' title="bbox 138 1439 1268 1940">
    <p class='ocr_par' dir='ltr' id='par_1_6' title="bbox 138 1439 1268 1940">
     <span class='ocr_line' id='line_1_16' title="bbox 171 1439 1176 1520; baseline -0.003 -19"><span class='ocrx_word' id='word_1_121' title='bbox 171 1445 200 1501; x_wconf 90' lang='lat' dir='ltr'>in</span> <span class='ocrx_word' id='word_1_122' title='bbox 216 1443 329 1502; x_wconf 90' lang='lat' dir='ltr'>diversa</span> <span class='ocrx_word' id='word_1_123' title='bbox 351 1444 437 1502; x_wconf 88' lang='lat' dir='ltr'>terris</span> <span class='ocrx_word' id='word_1_124' title='bbox 458 1442 566 1520; x_wconf 88' lang='lat' dir='ltr'>positio</span> <span class='ocrx_word' id='word_1_125' title='bbox 592 1441 667 1502; x_wconf 88' lang='lat' dir='ltr'>caeli</span> <span class='ocrx_word' id='word_1_126' title='bbox 690 1441 863 1520; x_wconf 91' lang='lat' dir='ltr'>corporibus</span> <span class='ocrx_word' id='word_1_127' title='bbox 882 1440 1007 1503; x_wconf 90' lang='lat' dir='ltr'>habitum</span> <span class='ocrx_word' id='word_1_128' title='bbox 1027 1439 1116 1500; x_wconf 88' lang='lat' dir='ltr'>dedit.</span> <span class='ocrx_word' id='word_1_129' title='bbox 1142 1441 1176 1520; x_wconf 23' lang='lat' dir='ltr'>‚in</span> 
     </span>
     <span class='ocr_line' id='line_1_17' title="bbox 138 1524 1175 1586; baseline 0.003 -6"><span class='ocrx_word' id='word_1_130' title='bbox 138 1528 334 1586; x_wconf 73' lang='lat' dir='ltr'>inuniversum</span> <span class='ocrx_word' id='word_1_131' title='bbox 360 1535 455 1586; x_wconf 86' lang='lat' dir='ltr'>tamen</span> <span class='ocrx_word' id='word_1_132' title='bbox 481 1526 640 1586; x_wconf 87' lang='lat' dir='ltr'>aestimanti</span> <span class='ocrx_word' id='word_1_133' title='bbox 669 1525 769 1586; x_wconf 84' lang='lat' dir='ltr'>Gallos</span> <span class='ocrx_word' id='word_1_134' title='bbox 794 1527 916 1586; x_wconf 85' lang='lat' dir='ltr'>vicinam</span> <span class='ocrx_word' id='word_1_135' title='bbox 944 1524 1064 1585; x_wconf 89' lang='lat' dir='ltr'>insulam</span> <span class='ocrx_word' id='word_1_136' title='bbox 1089 1541 1175 1584; x_wconf 91' lang='lat' dir='ltr'>occu·</span> 
     </span>
     <span class='ocr_line' id='line_1_18' title="bbox 172 1608 1176 1688; baseline -0.001 -19"><span class='ocrx_word' id='word_1_137' title='bbox 172 1627 259 1688; x_wconf 89' lang='lat' dir='ltr'>passe</span> <span class='ocrx_word' id='word_1_138' title='bbox 278 1609 418 1669; x_wconf 85' lang='lat' dir='ltr'>credibile</span> <span class='ocrx_word' id='word_1_139' title='bbox 434 1619 488 1668; x_wconf 87' lang='lat' dir='ltr'>est.</span> <span class='ocrx_word' id='word_1_140' title='bbox 509 1627 608 1670; x_wconf 92' lang='lat' dir='ltr'>eorum</span> <span class='ocrx_word' id='word_1_141' title='bbox 624 1627 708 1670; x_wconf 89' lang='lat' dir='ltr'>sacra</span> <span class='ocrx_word' id='word_1_142' title='bbox 720 1608 924 1688; x_wconf 87' lang='lat' dir='ltr'>deprehendas</span> <span class='ocrx_word' id='word_1_143' title='bbox 940 1609 1176 1688; x_wconf 83' lang='lat' dir='ltr'>superstitionum</span> 
     </span>
     <span class='ocr_line' id='line_1_19' title="bbox 172 1691 1175 1773; baseline -0.001 -22"><span class='ocrx_word' id='word_1_144' title='bbox 172 1694 377 1772; x_wconf 77' lang='lat' dir='ltr'>persuasione:</span> <span class='ocrx_word' id='word_1_145' title='bbox 403 1709 500 1753; x_wconf 91' lang='lat' dir='ltr'>sermo</span> <span class='ocrx_word' id='word_1_146' title='bbox 521 1693 596 1753; x_wconf 89' lang='lat' dir='ltr'>baud</span> <span class='ocrx_word' id='word_1_147' title='bbox 619 1693 735 1752; x_wconf 92' lang='lat' dir='ltr'>multum</span> <span class='ocrx_word' id='word_1_148' title='bbox 758 1693 906 1770; x_wconf 87' lang='lat' dir='ltr'>diversus,</span> <span class='ocrx_word' id='word_1_149' title='bbox 929 1695 958 1753; x_wconf 89' lang='lat' dir='ltr'>in</span> <span class='ocrx_word' id='word_1_150' title='bbox 978 1691 1175 1773; x_wconf 88' lang='lat' dir='ltr'>deposcendis</span> 
     </span>
     <span class='ocr_line' id='line_1_20' title="bbox 172 1776 1176 1855; baseline 0.001 -20"><span class='ocrx_word' id='word_1_151' title='bbox 172 1776 310 1855; x_wconf 90' lang='lat' dir='ltr'>periculis</span> <span class='ocrx_word' id='word_1_152' title='bbox 333 1776 434 1836; x_wconf 88' lang='lat' dir='ltr'>eadem</span> <span class='ocrx_word' id='word_1_153' title='bbox 454 1777 572 1837; x_wconf 91' lang='lat' dir='ltr'>audacia</span> <span class='ocrx_word' id='word_1_154' title='bbox 597 1785 641 1853; x_wconf 91' lang='lat' dir='ltr'>et,</span> <span class='ocrx_word' id='word_1_155' title='bbox 670 1777 719 1836; x_wconf 91' lang='lat' dir='ltr'>nbi</span> <span class='ocrx_word' id='word_1_156' title='bbox 740 1778 899 1854; x_wconf 86' lang='lat' dir='ltr'>advenere,</span> <span class='ocrx_word' id='word_1_157' title='bbox 927 1779 955 1838; x_wconf 94' lang='lat' dir='ltr'>in</span> <span class='ocrx_word' id='word_1_158' title='bbox 978 1776 1176 1837; x_wconf 89' lang='lat' dir='ltr'>detrectandis</span> 
     </span>
     <span class='ocr_line' id='line_1_21' title="bbox 172 1851 1268 1940; baseline -0.001 -20"><span class='ocrx_word' id='word_1_159' title='bbox 172 1860 273 1920; x_wconf 93' lang='lat' dir='ltr'>eadem</span> <span class='ocrx_word' id='word_1_160' title='bbox 291 1860 426 1921; x_wconf 91' lang='lat' dir='ltr'>lormido.</span> <span class='ocrx_word' id='word_1_161' title='bbox 459 1860 524 1939; x_wconf 89' lang='lat' dir='ltr'>plus</span> <span class='ocrx_word' id='word_1_162' title='bbox 539 1851 633 1922; x_wconf 78' lang='lat' dir='ltr'>lamen</span> <span class='ocrx_word' id='word_1_163' title='bbox 648 1861 778 1922; x_wconf 79' lang='lat' dir='ltr'>ferociae</span> <span class='ocrx_word' id='word_1_164' title='bbox 796 1861 924 1922; x_wconf 89' lang='lat' dir='ltr'>Britanni</span> <span class='ocrx_word' id='word_1_165' title='bbox 939 1861 1124 1940; x_wconf 86' lang='lat' dir='ltr'>praeierunt,</span> <span class='ocrx_word' id='word_1_166' title='bbox 1145 1868 1177 1920; x_wconf 87' lang='lat' dir='ltr'>ut</span> <span class='ocrx_word' id='word_1_167' title='bbox 1260 1865 1268 1903; x_wconf 72' lang='lat'>¹·</span> 
     </span>
    </p>
   </div>
   <div class='ocr_carea' id='block_1_4' title="bbox 81 1944 1176 3451">
    <p class='ocr_par' dir='ltr' id='par_1_7' title="bbox 138 1944 1176 2276">
     <span class='ocr_line' id='line_1_22' title="bbox 138 1944 1176 2025; baseline 0.004 -26"><span class='ocrx_word' id='word_1_168' title='bbox 138 1959 246 2023; x_wconf 71' lang='lat' dir='ltr'>requos</span> <span class='ocrx_word' id='word_1_169' title='bbox 267 1944 391 2004; x_wconf 93' lang='lat' dir='ltr'>nondum</span> <span class='ocrx_word' id='word_1_170' title='bbox 416 1945 504 2022; x_wconf 80' lang='lat' dir='ltr'>longa</span> <span class='ocrx_word' id='word_1_171' title='bbox 527 1964 584 2025; x_wconf 85' lang='lat' dir='ltr'>pax</span> <span class='ocrx_word' id='word_1_172' title='bbox 608 1944 771 2006; x_wconf 89' lang='lat' dir='ltr'>emollierit.</span> <span class='ocrx_word' id='word_1_173' title='bbox 802 1964 867 2007; x_wconf 92' lang='lat' dir='ltr'>nam</span> <span class='ocrx_word' id='word_1_174' title='bbox 885 1944 985 2008; x_wconf 81' lang='lat' dir='ltr'>Gallos</span> <span class='ocrx_word' id='word_1_175' title='bbox 1007 1960 1125 2024; x_wconf 85' lang='lat' dir='ltr'>quoque</span> <span class='ocrx_word' id='word_1_176' title='bbox 1148 1945 1176 2003; x_wconf 91' lang='lat' dir='ltr'>in</span> 
     </span>
     <span class='ocr_line' id='line_1_23' title="bbox 170 2027 1175 2108; baseline 0 -21"><span class='ocrx_word' id='word_1_177' title='bbox 170 2027 256 2088; x_wconf 88' lang='lat' dir='ltr'>bellis</span> <span class='ocrx_word' id='word_1_178' title='bbox 279 2027 413 2090; x_wconf 89' lang='lat' dir='ltr'>duruisse</span> <span class='ocrx_word' id='word_1_179' title='bbox 434 2031 615 2108; x_wconf 86' lang='lat' dir='ltr'>accepimus;</span> <span class='ocrx_word' id='word_1_180' title='bbox 639 2047 708 2089; x_wconf 88' lang='lat' dir='ltr'>mox</span> <span class='ocrx_word' id='word_1_181' title='bbox 730 2031 852 2107; x_wconf 76' lang='lat' dir='ltr'>segnitia</span> <span class='ocrx_word' id='word_1_182' title='bbox 879 2048 942 2089; x_wconf 92' lang='lat' dir='ltr'>cum</span> <span class='ocrx_word' id='word_1_183' title='bbox 964 2030 1023 2090; x_wconf 90' lang='lat' dir='ltr'>otio</span> <span class='ocrx_word' id='word_1_184' title='bbox 1047 2029 1175 2105; x_wconf 83' lang='lat' dir='ltr'>intrauit,</span> 
     </span>
     <span class='ocr_line' id='line_1_24' title="bbox 171 2111 1175 2192; baseline -0.001 -20"><span class='ocrx_word' id='word_1_185' title='bbox 171 2113 274 2173; x_wconf 89' lang='lat' dir='ltr'>amissa</span> <span class='ocrx_word' id='word_1_186' title='bbox 299 2115 404 2173; x_wconf 87' lang='lat' dir='ltr'>virtute</span> <span class='ocrx_word' id='word_1_187' title='bbox 427 2115 534 2191; x_wconf 87' lang='lat' dir='ltr'>pariter</span> <span class='ocrx_word' id='word_1_188' title='bbox 554 2132 590 2174; x_wconf 93' lang='lat' dir='ltr'>ac</span> <span class='ocrx_word' id='word_1_189' title='bbox 612 2113 756 2174; x_wconf 88' lang='lat' dir='ltr'>libertate.</span> <span class='ocrx_word' id='word_1_190' title='bbox 788 2112 864 2192; x_wconf 86' lang='lat' dir='ltr'>quod</span> <span class='ocrx_word' id='word_1_191' title='bbox 886 2113 1084 2174; x_wconf 86' lang='lat' dir='ltr'>Britannorum</span> <span class='ocrx_word' id='word_1_192' title='bbox 1106 2111 1175 2172; x_wconf 92' lang='lat' dir='ltr'>olim</span> 
     </span>
     <span class='ocr_line' id='line_1_25' title="bbox 170 2195 967 2276; baseline 0.004 -23"><span class='ocrx_word' id='word_1_193' title='bbox 170 2197 256 2255; x_wconf 88' lang='lat' dir='ltr'>victis</span> <span class='ocrx_word' id='word_1_194' title='bbox 273 2197 383 2255; x_wconf 88' lang='lat' dir='ltr'>evenit:</span> <span class='ocrx_word' id='word_1_195' title='bbox 402 2198 493 2255; x_wconf 86' lang='lat' dir='ltr'>ceteri</span> <span class='ocrx_word' id='word_1_196' title='bbox 508 2206 622 2256; x_wconf 90' lang='lat' dir='ltr'>manent</span> <span class='ocrx_word' id='word_1_197' title='bbox 637 2197 739 2276; x_wconf 87' lang='lat' dir='ltr'>quales</span> <span class='ocrx_word' id='word_1_198' title='bbox 755 2195 828 2258; x_wconf 87' lang='lat' dir='ltr'>Galli</span> <span class='ocrx_word' id='word_1_199' title='bbox 843 2198 967 2258; x_wconf 87' lang='lat' dir='ltr'>luerunt.</span> 
     </span>
    </p>

    <p class='ocr_par' dir='ltr' id='par_1_8' title="bbox 169 2278 1176 2613">
     <span class='ocr_line' id='line_1_26' title="bbox 236 2278 1174 2360; baseline 0.002 -22"><span class='ocrx_word' id='word_1_200' title='bbox 236 2279 284 2338; x_wconf 81' lang='lat'>12.</span> <span class='ocrx_word' id='word_1_201' title='bbox 314 2278 346 2339; x_wconf 92' lang='lat' dir='ltr'>ln</span> <span class='ocrx_word' id='word_1_202' title='bbox 368 2279 465 2359; x_wconf 91' lang='lat' dir='ltr'>pedite</span> <span class='ocrx_word' id='word_1_203' title='bbox 489 2279 593 2348; x_wconf 90' lang='lat' dir='ltr'>robur;</span> <span class='ocrx_word' id='word_1_204' title='bbox 618 2280 757 2360; x_wconf 90' lang='lat' dir='ltr'>quaedam</span> <span class='ocrx_word' id='word_1_205' title='bbox 778 2283 910 2342; x_wconf 89' lang='lat' dir='ltr'>nationes</span> <span class='ocrx_word' id='word_1_206' title='bbox 930 2290 959 2341; x_wconf 91' lang='lat' dir='ltr'>et</span> <span class='ocrx_word' id='word_1_207' title='bbox 980 2297 1065 2341; x_wconf 86' lang='lat' dir='ltr'>curru</span> <span class='ocrx_word' id='word_1_208' title='bbox 1087 2298 1174 2360; x_wconf 93' lang='lat' dir='ltr'>proe-</span> 
     </span>
     <span class='ocr_line' id='line_1_27' title="bbox 170 2363 1176 2454; baseline -0.001 -30"><span class='ocrx_word' id='word_1_209' title='bbox 170 2363 283 2424; x_wconf 89' lang='lat' dir='ltr'>liantur.</span> <span class='ocrx_word' id='word_1_210' title='bbox 313 2363 465 2423; x_wconf 85' lang='lat' dir='ltr'>honestior</span> <span class='ocrx_word' id='word_1_211' title='bbox 479 2365 590 2441; x_wconf 77' lang='lat' dir='ltr'>auriga,</span> <span class='ocrx_word' id='word_1_212' title='bbox 605 2365 729 2454; x_wconf 82' lang='lat' dir='ltr'>plientes</span> <span class='ocrx_word' id='word_1_213' title='bbox 748 2374 943 2444; x_wconf 75' lang='lat' dir='ltr'>propugnant.</span> <span class='ocrx_word' id='word_1_214' title='bbox 968 2364 1038 2426; x_wconf 91' lang='lat' dir='ltr'>olim</span> <span class='ocrx_word' id='word_1_215' title='bbox 1052 2364 1176 2442; x_wconf 76' lang='lat' dir='ltr'>regibus</span> 
     </span>
     <span class='ocr_line' id='line_1_28' title="bbox 169 2447 1175 2529; baseline 0.001 -23"><span class='ocrx_word' id='word_1_216' title='bbox 169 2447 321 2524; x_wconf 89' lang='lat' dir='ltr'>parebant,</span> <span class='ocrx_word' id='word_1_217' title='bbox 338 2465 412 2507; x_wconf 90' lang='lat' dir='ltr'>nunc</span> <span class='ocrx_word' id='word_1_218' title='bbox 428 2467 482 2526; x_wconf 88' lang='lat' dir='ltr'>per</span> <span class='ocrx_word' id='word_1_219' title='bbox 500 2449 648 2529; x_wconf 87' lang='lat' dir='ltr'>principes</span> <span class='ocrx_word' id='word_1_220' title='bbox 663 2448 837 2509; x_wconf 81' lang='lat' dir='ltr'>factionibus</span> <span class='ocrx_word' id='word_1_221' title='bbox 852 2459 881 2509; x_wconf 88' lang='lat' dir='ltr'>et</span> <span class='ocrx_word' id='word_1_222' title='bbox 898 2448 1175 2510; x_wconf 71' lang='lat' dir='ltr'>studiis‘distrahun-</span> 
     </span>
     <span class='ocr_line' id='line_1_29' title="bbox 170 2531 1174 2613; baseline 0.004 -25"><span class='ocrx_word' id='word_1_223' title='bbox 170 2540 224 2589; x_wconf 90' lang='lat' dir='ltr'>tur.</span> <span class='ocrx_word' id='word_1_224' title='bbox 255 2545 311 2589; x_wconf 88' lang='lat' dir='ltr'>nen</span> <span class='ocrx_word' id='word_1_225' title='bbox 324 2531 402 2591; x_wconf 91' lang='lat' dir='ltr'>aliud</span> <span class='ocrx_word' id='word_1_226' title='bbox 423 2532 564 2592; x_wconf 84' lang='lat' dir='ltr'>adversus</span> <span class='ocrx_word' id='word_1_227' title='bbox 581 2532 772 2593; x_wconf 89' lang='lat' dir='ltr'>validissimas</span> <span class='ocrx_word' id='word_1_228' title='bbox 787 2535 884 2611; x_wconf 79' lang='lat' dir='ltr'>gentis</span> <span class='ocrx_word' id='word_1_229' title='bbox 905 2549 959 2613; x_wconf 94' lang='lat' dir='ltr'>pro</span> <span class='ocrx_word' id='word_1_230' title='bbox 974 2532 1059 2593; x_wconf 90' lang='lat' dir='ltr'>nobis</span> <span class='ocrx_word' id='word_1_231' title='bbox 1075 2533 1174 2592; x_wconf 85' lang='lat' dir='ltr'>utilius</span> 
     </span>
    </p>

    <p class='ocr_par' dir='ltr' id='par_1_9' title="bbox 81 2613 1175 3451">
     <span class='ocr_line' id='line_1_30' title="bbox 148 2613 1174 2692; baseline 0.005 -22"><span class='ocrx_word' id='word_1_232' title='bbox 148 2630 254 2691; x_wconf 81' lang='lat' dir='ltr'>equam</span> <span class='ocrx_word' id='word_1_233' title='bbox 280 2613 357 2692; x_wconf 88' lang='lat' dir='ltr'>quod</span> <span class='ocrx_word' id='word_1_234' title='bbox 378 2617 407 2673; x_wconf 93' lang='lat' dir='ltr'>in</span> <span class='ocrx_word' id='word_1_235' title='bbox 429 2634 576 2676; x_wconf 90' lang='lat' dir='ltr'>commune</span> <span class='ocrx_word' id='word_1_236' title='bbox 602 2635 660 2677; x_wconf 92' lang='lat' dir='ltr'>non</span> <span class='ocrx_word' id='word_1_237' title='bbox 686 2617 850 2677; x_wconf 89' lang='lat' dir='ltr'>consulunt.</span> <span class='ocrx_word' id='word_1_238' title='bbox 884 2636 967 2680; x_wconf 89' lang='lat' dir='ltr'>rarus</span> <span class='ocrx_word' id='word_1_239' title='bbox 988 2616 1098 2677; x_wconf 89' lang='lat' dir='ltr'>duabus</span> <span class='ocrx_word' id='word_1_240' title='bbox 1125 2617 1174 2676; x_wconf 90' lang='lat' dir='ltr'>tri-</span> 
     </span>
     <span class='ocr_line' id='line_1_31' title="bbox 170 2696 1174 2781; baseline 0.005 -27"><span class='ocrx_word' id='word_1_241' title='bbox 170 2696 261 2756; x_wconf 84' lang='lat' dir='ltr'>busve</span> <span class='ocrx_word' id='word_1_242' title='bbox 283 2697 445 2759; x_wconf 88' lang='lat' dir='ltr'>civitatibus</span> <span class='ocrx_word' id='word_1_243' title='bbox 461 2700 498 2760; x_wconf 93' lang='lat' dir='ltr'>ad</span> <span class='ocrx_word' id='word_1_244' title='bbox 518 2699 744 2780; x_wconf 88' lang='lat' dir='ltr'>propulsandum</span> <span class='ocrx_word' id='word_1_245' title='bbox 762 2717 911 2762; x_wconf 92' lang='lat' dir='ltr'>commune</span> <span class='ocrx_word' id='word_1_246' title='bbox 928 2699 1089 2781; x_wconf 88' lang='lat' dir='ltr'>periculum</span> <span class='ocrx_word' id='word_1_247' title='bbox 1105 2717 1174 2761; x_wconf 93' lang='lat' dir='ltr'>con-</span> 
     </span>
     <span class='ocr_line' id='line_1_32' title="bbox 169 2783 1174 2863; baseline 0.004 -24"><span class='ocrx_word' id='word_1_248' title='bbox 169 2789 288 2841; x_wconf 86' lang='lat' dir='ltr'>ventus:</span> <span class='ocrx_word' id='word_1_249' title='bbox 310 2783 348 2841; x_wconf 91' lang='lat' dir='ltr'>ita</span> <span class='ocrx_word' id='word_1_250' title='bbox 364 2783 470 2860; x_wconf 72' lang='lat' dir='ltr'>singuli</span> <span class='ocrx_word' id='word_1_251' title='bbox 486 2793 630 2863; x_wconf 84' lang='lat' dir='ltr'>pugnant,</span> <span class='ocrx_word' id='word_1_252' title='bbox 646 2785 773 2845; x_wconf 87' lang='lat' dir='ltr'>universi</span> <span class='ocrx_word' id='word_1_253' title='bbox 788 2785 948 2847; x_wconf 86' lang='lat' dir='ltr'>vincuntur.</span> <span class='ocrx_word' id='word_1_254' title='bbox 981 2785 1092 2847; x_wconf 91' lang='lat' dir='ltr'>caelum</span> <span class='ocrx_word' id='word_1_255' title='bbox 1111 2801 1174 2843; x_wconf 90' lang='lat' dir='ltr'>ore·</span> 
     </span>
     <span class='ocr_line' id='line_1_33' title="bbox 168 2863 1173 2948; baseline 0.002 -25"><span class='ocrx_word' id='word_1_256' title='bbox 168 2863 229 2925; x_wconf 92' lang='lat' dir='ltr'>bris</span> <span class='ocrx_word' id='word_1_257' title='bbox 251 2864 389 2926; x_wconf 87' lang='lat' dir='ltr'>imbribus</span> <span class='ocrx_word' id='word_1_258' title='bbox 410 2883 444 2926; x_wconf 92' lang='lat' dir='ltr'>ao</span> <span class='ocrx_word' id='word_1_259' title='bbox 466 2867 579 2927; x_wconf 89' lang='lat' dir='ltr'>nebulis</span> <span class='ocrx_word' id='word_1_260' title='bbox 595 2868 727 2938; x_wconf 89' lang='lat' dir='ltr'>loedum;</span> <span class='ocrx_word' id='word_1_261' title='bbox 753 2871 895 2948; x_wconf 90' lang='lat' dir='ltr'>asperitas</span> <span class='ocrx_word' id='word_1_262' title='bbox 915 2869 1058 2948; x_wconf 77' lang='lat' dir='ltr'>frigorum</span> <span class='ocrx_word' id='word_1_263' title='bbox 1078 2867 1173 2928; x_wconf 89' lang='lat' dir='ltr'>abest.</span> 
     </span>
     <span class='ocr_line' id='line_1_34' title="bbox 171 2949 1174 3029; baseline 0.001 -20"><span class='ocrx_word' id='word_1_264' title='bbox 171 2949 280 3009; x_wconf 93' lang='lat' dir='ltr'>dierum</span> <span class='ocrx_word' id='word_1_265' title='bbox 296 2952 391 3029; x_wconf 86' lang='lat' dir='ltr'>spatia</span> <span class='ocrx_word' id='word_1_266' title='bbox 410 2952 483 3012; x_wconf 91' lang='lat' dir='ltr'>ultra</span> <span class='ocrx_word' id='word_1_267' title='bbox 504 2953 596 3012; x_wconf 88' lang='lat' dir='ltr'>nostri</span> <span class='ocrx_word' id='word_1_268' title='bbox 614 2951 694 3012; x_wconf 91' lang='lat' dir='ltr'>orbis</span> <span class='ocrx_word' id='word_1_269' title='bbox 708 2971 886 3023; x_wconf 69' lang='lat' dir='ltr'>mensnram</span> <span class='ocrx_word' id='word_1_270' title='bbox 909 2971 968 3014; x_wconf 82' lang='lat' dir='ltr'>nox</span> <span class='ocrx_word' id='word_1_271' title='bbox 985 2953 1062 3013; x_wconf 86' lang='lat' dir='ltr'>clara</span> <span class='ocrx_word' id='word_1_272' title='bbox 1078 2960 1107 3011; x_wconf 89' lang='lat' dir='ltr'>et</span> <span class='ocrx_word' id='word_1_273' title='bbox 1123 2970 1174 3011; x_wconf 86' lang='lat' dir='ltr'>ex·</span> 
     </span>
     <span class='ocr_line' id='line_1_35' title="bbox 81 3032 1175 3116; baseline 0.006 -30"><span class='ocrx_word' id='word_1_274' title='bbox 81 3079 84 3087; x_wconf 35' lang='lat' dir='ltr'>r</span> <span class='ocrx_word' id='word_1_275' title='bbox 134 3042 260 3093; x_wconf 80' lang='lat' dir='ltr'>notrema</span> <span class='ocrx_word' id='word_1_276' title='bbox 282 3032 444 3095; x_wconf 86' lang='lat' dir='ltr'>Britanniae</span> <span class='ocrx_word' id='word_1_277' title='bbox 465 3046 548 3116; x_wconf 91' lang='lat' dir='ltr'>parte</span> <span class='ocrx_word' id='word_1_278' title='bbox 569 3037 683 3112; x_wconf 91' lang='lat' dir='ltr'>brevis,</span> <span class='ocrx_word' id='word_1_279' title='bbox 707 3046 737 3096; x_wconf 87' lang='lat' dir='ltr'>ut</span> <span class='ocrx_word' id='word_1_280' title='bbox 758 3039 843 3097; x_wconf 88' lang='lat' dir='ltr'>linem</span> <span class='ocrx_word' id='word_1_281' title='bbox 866 3045 952 3116; x_wconf 86' lang='lat' dir='ltr'>atque</span> <span class='ocrx_word' id='word_1_282' title='bbox 971 3037 1078 3098; x_wconf 88' lang='lat' dir='ltr'>initium</span> <span class='ocrx_word' id='word_1_283' title='bbox 1098 3035 1175 3095; x_wconf 89' lang='lat' dir='ltr'>lucis</span> 
     </span>
     <span class='ocr_line' id='line_1_36' title="bbox 170 3116 1173 3199; baseline 0.003 -25"><span class='ocrx_word' id='word_1_284' title='bbox 170 3118 275 3192; x_wconf 77' lang='lat' dir='ltr'>exiguo</span> <span class='ocrx_word' id='word_1_285' title='bbox 294 3116 459 3178; x_wconf 89' lang='lat' dir='ltr'>discrimine</span> <span class='ocrx_word' id='word_1_286' title='bbox 480 3123 671 3182; x_wconf 86' lang='lat' dir='ltr'>internosces.</span> <span class='ocrx_word' id='word_1_287' title='bbox 706 3121 783 3199; x_wconf 87' lang='lat' dir='ltr'>quod</span> <span class='ocrx_word' id='word_1_288' title='bbox 805 3123 829 3180; x_wconf 92' lang='lat' dir='ltr'>si</span> <span class='ocrx_word' id='word_1_289' title='bbox 844 3120 936 3182; x_wconf 87' lang='lat' dir='ltr'>nubes</span> <span class='ocrx_word' id='word_1_290' title='bbox 956 3136 1014 3181; x_wconf 91' lang='lat' dir='ltr'>non</span> <span class='ocrx_word' id='word_1_291' title='bbox 1030 3119 1173 3194; x_wconf 84' lang='lat' dir='ltr'>officiant,</span> 
     </span>
     <span class='ocr_line' id='line_1_37' title="bbox 169 3201 1175 3282; baseline 0.003 -24"><span class='ocrx_word' id='word_1_292' title='bbox 169 3201 260 3278; x_wconf 89' lang='lat' dir='ltr'>aspici</span> <span class='ocrx_word' id='word_1_293' title='bbox 279 3218 332 3279; x_wconf 88' lang='lat' dir='ltr'>per</span> <span class='ocrx_word' id='word_1_294' title='bbox 348 3211 463 3263; x_wconf 91' lang='lat' dir='ltr'>noctem</span> <span class='ocrx_word' id='word_1_295' title='bbox 479 3204 550 3263; x_wconf 86' lang='lat' dir='ltr'>solie</span> <span class='ocrx_word' id='word_1_296' title='bbox 564 3205 725 3282; x_wconf 79' lang='lat' dir='ltr'>fulgorem,</span> <span class='ocrx_word' id='word_1_297' title='bbox 743 3222 798 3266; x_wconf 92' lang='lat' dir='ltr'>nec</span> <span class='ocrx_word' id='word_1_298' title='bbox 814 3205 951 3266; x_wconf 88' lang='lat' dir='ltr'>occidere</span> <span class='ocrx_word' id='word_1_299' title='bbox 965 3215 995 3265; x_wconf 92' lang='lat' dir='ltr'>et</span> <span class='ocrx_word' id='word_1_300' title='bbox 1010 3219 1175 3280; x_wconf 84' lang='lat' dir='ltr'>exsurgere</span> 
     </span>
     <span class='ocr_line' id='line_1_38' title="bbox 169 3283 1175 3367; baseline 0.005 -28"><span class='ocrx_word' id='word_1_301' title='bbox 169 3283 219 3340; x_wconf 87' lang='lat' dir='ltr'>sed</span> <span class='ocrx_word' id='word_1_302' title='bbox 244 3287 365 3344; x_wconf 88' lang='lat' dir='ltr'>transire</span> <span class='ocrx_word' id='word_1_303' title='bbox 388 3283 544 3347; x_wconf 91' lang='lat' dir='ltr'>addrmant.</span> <span class='ocrx_word' id='word_1_304' title='bbox 582 3288 696 3354; x_wconf 87' lang='lat' dir='ltr'>scilicet</span> <span class='ocrx_word' id='word_1_305' title='bbox 716 3297 845 3349; x_wconf 84' lang='lat' dir='ltr'>extrema</span> <span class='ocrx_word' id='word_1_306' title='bbox 869 3297 898 3348; x_wconf 90' lang='lat' dir='ltr'>et</span> <span class='ocrx_word' id='word_1_307' title='bbox 924 3288 1009 3367; x_wconf 92' lang='lat' dir='ltr'>plana</span> <span class='ocrx_word' id='word_1_308' title='bbox 1030 3297 1175 3350; x_wconf 88' lang='lat' dir='ltr'>terrarum</span> 
     </span>
     <span class='ocr_line' id='line_1_39' title="bbox 168 3365 1174 3451; baseline 0.004 -27"><span class='ocrx_word' id='word_1_309' title='bbox 168 3365 265 3425; x_wconf 83' lang='lat' dir='ltr'>humili</span> <span class='ocrx_word' id='word_1_310' title='bbox 286 3368 385 3429; x_wconf 92' lang='lat' dir='ltr'>umbra</span> <span class='ocrx_word' id='word_1_311' title='bbox 407 3387 463 3430; x_wconf 91' lang='lat' dir='ltr'>non</span> <span class='ocrx_word' id='word_1_312' title='bbox 485 3373 598 3449; x_wconf 76' lang='lat' dir='ltr'>erigunt</span> <span class='ocrx_word' id='word_1_313' title='bbox 620 3372 770 3448; x_wconf 83' lang='lat' dir='ltr'>tenebras,</span> <span class='ocrx_word' id='word_1_314' title='bbox 793 3371 925 3451; x_wconf 77' lang='lat' dir='ltr'>infraque</span> <span class='ocrx_word' id='word_1_315' title='bbox 950 3372 1061 3432; x_wconf 89' lang='lat' dir='ltr'>caelum</span> <span class='ocrx_word' id='word_1_316' title='bbox 1082 3378 1111 3430; x_wconf 93' lang='lat' dir='ltr'>et</span> <span class='ocrx_word' id='word_1_317' title='bbox 1136 3371 1174 3428; x_wconf 91' lang='lat' dir='ltr'>si·</span> 
     </span>
    </p>
   </div>
   <div class='ocr_carea' id='block_1_5' title="bbox 0 0 1295 3900">
    <p class='ocr_par' dir='ltr' id='par_1_10' title="bbox 0 0 1295 3900">
     <span class='ocr_line' id='line_1_40' title="bbox 0 0 1295 3900; baseline 0 0"><span class='ocrx_word' id='word_1_318' title='bbox 0 0 1295 3900; x_wconf 95' lang='lat' dir='ltr'> </span> 
     </span>
    </p>
   </div>
  </div>
 </body>
</html>
