2580 3900
422 287 424 292 .
532 253 607 302 cnr.
623 249 743 306 arr-28.
1049 323 1054 327 .
1078 239 1140 304 203

134 407 252 489 aliquod
268 414 440 468 momentum
457 407 485 465 in
504 406 606 482 domo,
629 425 780 486 numquam
801 409 981 487 incivitate,
1005 414 1139 492 exceptis
1270 475 1271 480 ,

135 495 281 554 dumtaxat
297 497 332 560 iis
349 491 484 570 genubus
505 507 579 568 quae
600 502 765 567 regnantur.
796 493 835 551 ibi
853 493 926 552 enirn
945 502 975 552 et
993 511 1082 573 super
1096 499 1136 556 ia·
1152 514 1175 552 re

134 583 258 656 geraus·
274 586 304 636 et
323 591 411 656 snper
432 575 548 650 mobiles
570 575 745 636 ascendunt:
782 576 858 656 apud
880 584 998 638 ceteros
1013 578 1139 657 impares

135 661 262 722 libertini
280 659 422 720 libertatis
439 667 634 737 argumentum
653 669 727 719 sunt.

199 743 249 806 26.
272 743 386 804 Faenus
400 745 511 821 agitare
527 751 556 803 et
570 743 598 802 in
613 761 714 804 usuras
729 745 889 814 extendere
903 744 1046 824 ignotumss
1060 747 1139 809 ideo·

135 846 192 910 que
208 829 299 906 magis
315 836 448 888 servatur
462 845 545 906 quam
562 827 585 887 si
607 830 724 889 vetitum
743 838 832 890 esset.
866 831 930 906 agri
950 847 1003 910 pro
1020 849 1139 893 nomem

136 913 278 973 cultorum
299 911 336 971 ab
360 912 503 972 universis
526 915 554 971 in
575 913 657 973 vices
673 921 868 993 occupantur,
891 930 965 991 quos
982 933 1051 978 mor
1064 918 1141 978 inter

135 1015 168 1056 se
197 995 353 1056 secandam
381 995 576 1074 dignationem
600 999 774 1075 partientem
804 996 972 1057 sanititatem
999 1000 1141 1078 partiendi

136 1097 303 1160 camporum
325 1080 418 1159 spatia
439 1080 590 1161 praebent.
629 1099 698 1141 arra
723 1099 777 1160 per
796 1097 889 1141 annos
906 1091 1027 1161 mutant,
1049 1093 1077 1143 et
1095 1101 1164 1143 sus

135 1174 236 1244 penest
250 1180 332 1242 ager.
359 1165 497 1224 necerim
514 1182 576 1226 cum
588 1163 718 1226 ubertate
731 1173 760 1225 et
771 1165 957 1244 amplitudine
970 1167 1025 1228 soll
1037 1167 1140 1228 labore

136 1248 325 1326 contendunt,
342 1258 371 1308 ut
386 1251 513 1328 pomaria
530 1259 685 1309 conserant
699 1259 728 1310 et
744 1257 825 1328 prata
841 1260 980 1329 separent
996 1261 1025 1312 et
1037 1251 1139 1314 hortos

134 1335 246 1412 rigent:
281 1332 345 1392 sola
366 1341 463 1393 terrae
486 1351 575 1410 seges
599 1334 764 1411 imperatur.
800 1331 874 1392 unde
896 1351 998 1394 annum
1022 1353 1139 1414 qnoque

134 1420 227 1497 ipsum
240 1433 299 1477 non
311 1416 339 1476 in
355 1415 473 1476 totidem
489 1415 622 1492 digerunt
634 1416 765 1494 species:
781 1415 871 1476 biems
887 1425 916 1476 et
933 1435 985 1478 ver
1000 1429 1029 1479 et
1044 1427 1139 1479 aestas

135 1501 316 1563 intellectum
340 1517 375 1559 ac
398 1498 540 1560 vocabula
561 1499 682 1575 babent,
706 1501 830 1558 autumni
850 1499 971 1578 perinde
988 1519 1091 1561 nomen
1107 1517 1174 1562 aer.
1215 1518 1218 1524 ·

136 1585 402 1662 bonaignorantnr.
983 1615 985 1619 ,

197 1669 248 1730 27.
268 1668 412 1729 Funerum
427 1667 504 1729 nulla
519 1667 652 1728 ambitio:
681 1667 710 1728 id
726 1666 818 1728 solum
836 1666 1009 1746 observant,
1027 1679 1056 1730 ut
1078 1687 1141 1730 cor·

137 1771 207 1835 pora
227 1751 369 1814 clarorum
384 1753 510 1813 uirorum
527 1752 615 1813 certis
638 1752 724 1830 lignis
748 1761 919 1814 crementur.
954 1761 1061 1814 struem
1076 1755 1142 1830 rogi

135 1855 191 1899 nec
206 1835 336 1898 vestibus
350 1853 406 1897 nec
421 1835 558 1899 odoribus
575 1836 733 1897 cumulant:
772 1853 823 1898 sua
840 1836 943 1916 cuique
959 1855 1053 1914 arma,
1071 1855 1141 1916 quo·

138 1921 255 1983 rundam
269 1921 329 1999 igni
346 1929 374 1980 et
387 1937 478 1998 equus
492 1921 623 1982 adicitur.
642 1920 807 2001 sepulcrum
823 1937 947 2000 caespes
964 1921 1065 1998 erigit:
1081 1938 1141 1980 mo·

137 2013 335 2067 ramentorum
354 2003 471 2064 arduum
497 2013 526 2064 et
552 2021 708 2082 operosum
727 1991 867 2064 bonorem
892 2013 922 2064 ut
946 2021 1066 2082 gravem
1092 2003 1165 2063 des

137 2089 241 2151 iunctis
260 2095 458 2167 aspernantur.
491 2089 614 2148 lamenta
636 2105 670 2147 ae
692 2087 827 2148 lacrimas
860 2089 933 2164 cito,
956 2087 1089 2148 dolorem
1113 2095 1143 2146 et

138 2174 279 2234 tristitiam
299 2171 380 2234 tarde
402 2183 518 2253 ponunt.
560 2171 674 2232 leminis
691 2170 795 2249 lugere
812 2171 964 2232 honesturn
987 2181 1049 2249 est,
1071 2171 1142 2230 viris

138 2259 311 2320 meminisse.
628 2309 633 2316 .

198 2341 279 2402 llaec
304 2343 332 2402 in
354 2357 505 2402 commune
525 2341 561 2402 de
587 2339 939 2402 omniumiiermanorom
966 2340 1080 2416 origine
1108 2355 1143 2397 ac

138 2427 267 2486 moribus
283 2427 463 2502 accepimus:
489 2443 564 2484 nune
583 2425 759 2503 singularum
776 2425 904 2502 gentium
919 2424 1046 2485 instituta
1059 2424 1141 2483 ritus·
1154 2443 1179 2486 ro

139 2526 210 2589 qne,
226 2518 366 2588 quatenus
378 2508 528 2584 dillerant,
544 2524 676 2588 quaeque
691 2510 822 2568 nationes
839 2507 1019 2568 eGermania
1037 2507 1065 2565 in
1078 2505 1142 2566 Gal·

139 2595 192 2656 liae
209 2593 477 2671 commigraverint,
495 2590 656 2671 expediam.

196 2677 247 2740 28.
270 2677 435 2740 Validiores
462 2676 529 2736 olim
548 2673 695 2737 Gallorum
714 2693 763 2735 res
782 2675 873 2736 luisse
895 2693 1019 2736 summus
1043 2683 1144 2735 auctor

139 2761 219 2822 divus
233 2761 322 2824 Iullus
338 2761 436 2830 tradit:
461 2777 558 2840 eoque
578 2759 719 2820 credibile
741 2768 785 2819 est
803 2761 888 2820 etiam
908 2759 1008 2821 Gallos
1026 2761 1053 2819 in
1073 2758 1143 2819 Ger-

139 2849 259 2908 maniam
278 2855 496 2924 transgressos:
529 2844 694 2923 quantulum
719 2844 793 2904 enirn
816 2845 904 2904 amnis
929 2844 1143 2920 obstabatque

140 2931 246 3008 minus,
269 2939 297 2992 ut
313 2947 445 3008 quaeque
459 2947 533 3007 gens
549 2927 715 3006 emineret,
735 2937 894 3007 occuparet
909 2933 1143 3009 permutaretque

140 3013 226 3076 sedes
244 3009 405 3095 promiscas
431 3013 522 3074 adhuc
544 3022 573 3073 et
594 3013 671 3073 nulla
691 3028 848 3090 regnorum
866 3013 995 3090 potentia
1016 3005 1167 3069 divisasia

140 3099 226 3175 igitur
239 3099 313 3158 inter
326 3098 499 3174 Hercyniam
521 3097 622 3157 silvam
636 3097 826 3174 liberumque
848 3104 878 3156 et
891 3095 1025 3156 Moenum
1046 3109 1144 3152 amnes

96 3184 100 3190 '
139 3182 277 3258 Helvetii,
292 3183 429 3242 ulteriora
444 3183 517 3259 Boii,
534 3180 644 3242 Gallica
659 3190 779 3259 utraque
795 3197 881 3258 gens,
897 3189 1026 3238 tenuere.
1050 3185 1145 3236 manet

140 3266 234 3327 adhuc
253 3265 401 3326 Boihaemi
424 3281 529 3326 nomen
553 3264 706 3344 signatque
734 3264 793 3324 loci
824 3271 955 3322 veterem
978 3261 1144 3322 memoriam

141 3351 270 3430 quamue
284 3351 398 3411 mutatis
414 3349 580 3424 cultoribus.
612 3348 664 3408 sed
677 3356 769 3407 utrum
781 3346 915 3406 Aravisci
931 3346 959 3405 in
970 3344 1145 3407 Pannoniam

140 3435 176 3496 ab
190 3435 271 3515 Osis,
285 3436 490 3497 Germanorum
504 3435 636 3510 natione,
655 3451 691 3492 an
701 3431 752 3490 Osi
764 3429 800 3490 ab
812 3430 963 3491 Araviscis
979 3431 1008 3489 in
1025 3429 1140 3488 Germa·
1156 3446 1180 3486 ro

142 3521 215 3589 piam
235 3519 503 3597 commigraverint,
528 3537 591 3578 cram
617 3517 719 3576 eodem
742 3513 833 3574 adbuc
858 3529 993 3574 sermone
1010 3510 1144 3568 institutis
