2580 3900
184 231 243 294 198
424 242 588 290 conanum
601 241 718 290 sacrus
734 241 937 290 annuamus

182 399 342 460 levioribus
363 397 477 460 delictis
502 413 554 477 pru
578 397 664 460 modo
687 415 797 476 poena:
827 413 966 476 equorum
986 413 1182 477 pecorumque

182 499 300 544 numero
318 483 442 544 conuicti
453 482 616 548 multantur.
641 497 710 560 pars
722 480 828 542 multae
842 482 907 559 regi
920 481 968 542 rel
985 481 1103 558 civitati,
1115 500 1182 560 pars

181 569 237 647 ipsi
253 568 301 648 qui
318 567 479 628 vindicatur
495 567 542 627 vel
568 567 739 646 propinquis
754 566 817 626 eius
835 565 1005 626 exsolvitur.
1039 565 1183 642 eliguntur

147 654 212 712 tuin
230 653 321 718 isdem
342 651 474 713 conciliis
495 661 524 711 et
541 651 705 731 principes,
722 651 770 729 qui
785 651 846 710 iura
864 665 917 729 per
933 664 1027 730 pagos
1042 649 1182 730 vicosque

181 735 317 806 reddunt;
342 737 456 796 centeni
479 735 600 814 singulis
622 750 660 795 ex
682 734 771 814 plebe
795 735 916 795 comites
933 733 1083 794 consilium
1100 733 1182 794 simul
1197 752 1202 802 p

182 830 211 882 et
226 821 381 882 auctoritas
397 817 509 880 adsunt.

164 939 165 944 κ
247 903 294 964 13.
316 903 393 965 Nihil
413 915 508 965 autem
531 921 626 984 neque
644 902 778 984 publicae
802 921 898 984 neque
920 904 1051 982 privatae
1068 903 1113 963 rei
1128 903 1183 963 nisi
1287 901 1288 904 ’

182 990 282 1060 armati
293 997 391 1067 agunt.
412 988 555 1050 sadanma
571 1003 686 1049 sumere
700 1005 757 1048 nou
773 995 838 1050 ante
850 988 982 1068 cuiquam
996 987 1084 1046 moris
1100 986 1182 1066 quam

183 1073 284 1133 civitas
300 1073 484 1134 suffecturum
500 1072 677 1152 probaverit.
708 1081 765 1132 tum
780 1075 808 1133 iu
824 1073 889 1152 ipso
906 1071 1030 1133 concilio
1045 1071 1092 1131 uel
1106 1072 1182 1150 prin·

183 1159 277 1237 cipum
300 1157 404 1236 aliquis
425 1157 475 1218 vel
496 1166 579 1236 pater
600 1157 648 1217 vel
671 1157 824 1236 propinqui
846 1165 929 1217 scuto
950 1155 1118 1234 frameaque
1143 1156 1182 1214 iu·

159 1255 286 1302 avenam
307 1249 424 1302 emant:
455 1241 529 1301 haec
549 1241 626 1320 apud
647 1241 714 1301 illus
736 1250 821 1320 toga,
847 1241 895 1301 lric
921 1239 1028 1319 primus
1049 1241 1183 1301 iuuentae

182 1325 292 1394 bonose
309 1333 375 1386 ante
391 1323 449 1386 boe
464 1323 565 1384 domus
582 1343 650 1404 pars
666 1325 812 1404 videntur,
827 1325 953 1386 morrei
968 1323 1112 1402 publicae.
1142 1325 1182 1384 in-

182 1409 273 1487 signis
289 1408 424 1470 nobilitas
442 1418 489 1470 aut
511 1425 614 1487 magua
634 1418 747 1490 patrum
764 1409 866 1471 merita
887 1409 1027 1488 principis
1043 1409 1182 1488 dignatio·

181 1511 247 1554 uem
275 1495 360 1555 etiam
389 1491 613 1554 adulescentulis
637 1493 803 1573 adsignant:
853 1493 943 1554 ceteri
970 1491 1183 1554 robustioribus

182 1597 217 1639 ac
231 1579 286 1638 iam
301 1577 411 1657 pridem
428 1579 557 1657 probatis
573 1578 784 1656 adgregantur,
800 1596 856 1638 nec
869 1577 959 1638 rubor
973 1579 1046 1638 inter
1063 1579 1183 1637 comites

148 1662 303 1741 uuadspici
335 1661 441 1740 gradus
457 1663 524 1740 quin
541 1662 627 1721 etiam
642 1664 707 1741 ipse
722 1663 873 1723 comitatus
888 1660 989 1738 habet,
1001 1661 1107 1722 iudicio
1121 1661 1183 1722 eius

182 1762 267 1825 quem
294 1754 457 1816 sectantum
483 1763 644 1824 magnaque
674 1755 703 1806 et
732 1746 866 1806 comitum
884 1744 1053 1822 aemulatio,
1080 1745 1183 1823 quibus

181 1831 291 1910 primus
311 1828 387 1910 apud
414 1830 575 1910 principem
597 1848 677 1890 suurn
691 1830 790 1908 locus,
813 1840 842 1891 et
864 1829 1041 1910 principum,
1060 1829 1106 1888 cui
1121 1828 1182 1907 plu-

155 1976 160 1990 ,
181 1915 244 1974 rimi
262 1923 290 1974 et
309 1913 441 1994 acerrimi
459 1916 589 1974 comites.
623 1913 697 1977 baec
721 1915 860 1993 dignitas,
886 1913 942 1975 hae
962 1915 1055 1991 vires,
1077 1929 1183 1990 magno

181 2017 298 2078 semper
315 1997 473 2059 electurum
492 2000 624 2060 iuvenum
640 1999 730 2077 globo
747 1999 934 2077 circumdari,
951 2000 1067 2076 inpane
1083 1997 1182 2073 decus,

148 2084 209 2144 cin
226 2083 305 2144 bello
316 2083 499 2162 praesidium.
524 2101 581 2144 nec
592 2083 686 2144 solum
701 2084 790 2144 insua
802 2093 891 2162 geute
909 2085 1024 2162 cuique,
1042 2081 1095 2142 sed
1107 2079 1182 2160 apud

137 2201 140 2206 -
181 2167 313 2228 finitimas
327 2183 443 2246 quoquc
455 2169 585 2228 ciuitates
602 2167 630 2228 id
645 2185 765 2244 numen,
779 2185 814 2228 ea
826 2167 922 2244 gloria
938 2175 999 2242 est,
1023 2166 1047 2224 si
1063 2183 1181 2226 numeru

181 2268 215 2310 ac
236 2252 342 2310 virtute
367 2251 518 2311 comitatus
540 2251 677 2320 emineat;
700 2259 875 2329 expetuntur
891 2249 966 2312 enim
987 2249 1183 2327 legationibus

182 2344 211 2394 et
235 2333 400 2396 muneribus
427 2343 564 2397 ornantur
589 2337 704 2414 etipsa
729 2335 900 2414 plerumque
920 2334 996 2394 lama
1014 2332 1094 2394 bella
1114 2351 1182 2412 pro-

180 2419 290 2496 digent.

246 2505 295 2564 14.
320 2501 391 2564 Cum
411 2512 527 2563 ventum
548 2503 577 2564 iu
597 2505 705 2582 aciem,
727 2513 812 2584 turpe
829 2505 952 2583 principi
975 2504 1080 2565 virtute
1095 2505 1181 2580 vinci,

180 2597 266 2666 turpe
282 2587 428 2648 comitatui
446 2588 579 2648 virtutem
594 2589 734 2668 principis
754 2605 812 2648 nou
833 2587 1007 2668 adaequare.
1040 2590 1096 2647 iam
1110 2605 1182 2649 veru

179 2671 285 2732 inlame
305 2673 333 2731 in
356 2689 469 2731 omnem
489 2673 574 2731 vitam
594 2689 629 2732 ac
655 2672 828 2751 probrosum
852 2673 1036 2749 superstitem
1059 2673 1183 2751 principi

181 2773 233 2816 suo
255 2773 293 2818 etr
309 2758 371 2816 acic
389 2757 568 2816 recessisse:
599 2755 677 2816 illum
692 2755 868 2832 defendere,
884 2755 974 2833 tueri,
997 2771 1048 2816 sua
1066 2773 1183 2835 quoque

156 2840 264 2900 alortia
281 2839 359 2900 iacta
372 2839 485 2918 gloriae
507 2840 568 2900 eius
590 2839 746 2918 adsignare
763 2840 951 2919 praecipuum
973 2849 1183 2901 sacramentum

180 2934 240 2984 est:
259 2924 406 3003 principes
423 2940 476 3001 pru
493 2925 613 2984 victoria
633 2934 770 3003 puguant,
789 2923 909 2985 comites
927 2939 980 3002 pro
995 2925 1137 3004 principe.
1159 2925 1183 2982 si

180 3009 281 3068 civitas
297 3009 325 3068 iu
348 3027 402 3088 qua
426 3009 481 3069 orti
502 3017 567 3068 suut
580 3007 669 3087 lunga
691 3027 764 3087 pace
780 3017 808 3068 ct
824 3009 882 3068 otiu
902 3016 1032 3087 torpeat,
1050 3007 1183 3086 plerique

179 3093 318 3154 nobilium
333 3093 561 3154 adulescentium
583 3100 683 3172 petunt
705 3091 779 3153 ultro
802 3109 853 3152 eas
868 3093 1017 3169 nationes,
1035 3100 1182 3172 quactum

72 3227 75 3234 .
180 3177 287 3238 bellum
303 3177 423 3256 aliquod
439 3187 561 3254 gerunt,
579 3177 645 3256 quia
662 3185 695 3238 et¹
705 3178 815 3256 ingrata
830 3177 911 3254 genti
927 3177 1010 3256 quies
1025 3185 1055 3238 et
1069 3177 1183 3238 facilius

1258 1965 1288 2000 h

145 3275 169 3317 su
180 3263 255 3322 inter
272 3262 407 3341 ancipitia
433 3260 597 3322 clarescunt
624 3277 814 3341 magnumque
831 3260 995 3321 comitatum
1010 3279 1067 3321 uun
1084 3261 1138 3320 uisi
1154 3280 1182 3319 vr
1252 3251 1264 3292 ³·
1285 3293 1288 3300 ·

181 3346 319 3426 belloque
334 3355 464 3415 tuentum
481 3347 601 3424 exigunt
616 3346 690 3406 euim
706 3345 846 3426 principis
858 3346 900 3405 sui
917 3343 1091 3406 liberalitate
1103 3345 1182 3410 illum

181 3430 353 3491 bellatorem
377 3449 499 3512 equum,
522 3431 599 3492 illam
627 3439 773 3494 cruentam
802 3431 1010 3509 victricemque
1034 3430 1181 3490 frameam.

181 3533 244 3574 uam
266 3515 371 3594 epulae
395 3527 423 3576 et
444 3533 613 3595 quamquam
637 3516 788 3596 incompti,
814 3513 890 3593 largi
914 3523 1008 3576 tamen
1025 3523 1182 3596 apparatus
