2580 3900
530 175 605 224 cur
627 172 744 230 ιι-ιι,
932 171 935 178 “
1053 160 1129 252 ,199

128 353 182 416 pro
198 331 344 414 stipendio
363 329 478 392 cedunt.
509 331 630 392 materia
645 329 857 391 mnniilcentiae
873 347 927 410 per
941 328 1023 390 uelle
1038 338 1068 389 et
1085 348 1128 389 ra·

127 429 204 498 ptus.
218 434 275 478 neo
290 433 373 478 erere
390 423 497 476 terram
516 423 565 475 aut
581 424 756 494 exspectare
772 431 874 476 annum
886 421 943 474 tam
959 413 1049 474 facile
1064 431 1128 494 per·
1141 431 1165 473 ιι

127 501 254 564 suaseris
271 515 356 581 quarn
370 515 486 560 uocare
493 497 608 560 hostem
619 507 648 560 ei
664 498 786 560 volnera
799 497 916 558 mereri.
932 497 1045 576 pigrum
1063 499 1130 596 quin

127 591 212 648 inimo
228 594 257 648 et
273 587 352 644 iners
368 581 483 644 uidetur
498 583 606 644 sudore
618 583 773 661 adquirere
790 581 867 662 quod
878 582 977 661 possis
989 584 1128 660 sanguine

148 687 241 732 arare.

128 691 146 751 p
193 756 241 816 15.
262 754 405 830 Quotiens
428 751 506 812 bella
533 752 717 831 nonineunt,
735 751 852 812 multum
868 751 1037 826 venatibus,
1064 731 1130 830 pln's

127 858 180 918 per
212 839 299 900 otium
325 837 499 914 traneigunt,
526 834 616 897 dediti
646 797 748 897 scmhc
780 837 923 914 ciboque,
957 835 1131 896 fortissimus

14 925 15 938 .
127 940 250 1002 qumque
263 940 298 983 ac
309 919 551 982 bellicosissimus
562 919 632 980 nihil
644 939 754 999 egens,
770 921 906 998 delegata
919 919 1021 980 domus
1037 928 1066 980 et
1078 937 1129 998 pe-

127 1009 234 1068 natium
253 1016 283 1066 et
306 1022 443 1082 agrorum
463 1023 533 1066 cura
554 1003 667 1064 lerninis
688 1004 865 1084 senibusque
886 1013 915 1064 et
937 1003 1129 1064 infirmissimo

129 1092 232 1171 cuique
250 1109 288 1150 ex
302 1089 425 1150 familia:
444 1088 502 1168 ipsi
513 1088 637 1166 hebent,
649 1089 720 1150 mira
733 1089 901 1150 diuersitate
912 1095 1049 1165 naturae,
1067 1105 1152 1148 cuma

127 1175 203 1236 idem
225 1173 357 1234 homines
377 1173 420 1234 sic
440 1181 536 1234 ament
555 1174 686 1234 inertiam
710 1183 738 1234 et
762 1173 875 1234 oderint
899 1172 1033 1252 quietem.
1066 1189 1131 1232 mos

128 1268 174 1319 est
192 1259 355 1320 civitatibus
367 1258 443 1318 ultro
456 1257 606 1319 acviritim
620 1258 757 1319 conferre
768 1257 947 1338 principibus
959 1256 1007 1316 uel
1018 1272 1130 1317 armen·

126 1353 221 1405 torum
234 1342 283 1402 uel
301 1342 433 1422 dragum,
454 1341 533 1420 quod
554 1359 609 1421 pro
626 1341 740 1404 honore
754 1350 908 1422 acceptum
926 1342 1011 1401 etiam
1028 1359 1131 1402 neces·

128 1426 259 1487 sitatibus
282 1425 425 1486 subvenit.
471 1424 599 1504 gaudent
619 1428 778 1506 praecipue
804 1427 983 1487 finitimarum
1003 1425 1131 1502 gentium

128 1511 229 1586 donis,
254 1528 329 1590 quae
352 1527 411 1570 non
432 1509 519 1569 modo
541 1528 556 1568 a
575 1509 697 1587 singulis
713 1509 766 1570 sed
789 1519 818 1570 et
840 1509 957 1588 publice
973 1510 1129 1585 mittuntur,
1142 1523 1166 1567 ιι

127 1594 216 1656 electi
233 1595 318 1675 equi,
332 1594 457 1671 insignia
472 1611 567 1670 arma,
589 1592 727 1671 phalerae
743 1603 939 1673 torquesque
963 1594 1019 1652 iam
1036 1601 1065 1652 et
1081 1610 1130 1714 pe-

128 1678 237 1739 cuniam
253 1679 391 1756 accipere
406 1677 567 1739 docuimus.

190 1763 239 1824 16.
261 1761 364 1824 Nullas
380 1761 586 1824 Germanorum
605 1761 722 1841 populis
736 1761 824 1824 urbes
845 1759 967 1822 habitari
989 1762 1059 1821 satis
1079 1778 1130 1821 no·

130 1853 184 1908 lum
201 1855 262 1924 est,
279 1865 316 1908 ne
333 1847 392 1926 peti
409 1846 524 1925 quidem
539 1847 613 1907 inter
636 1865 669 1906 se
683 1847 794 1908 iunctas
811 1845 909 1906 sedes.
955 1844 1054 1906 colunt
1076 1845 1130 1906 dis·

11 1929 13 1956 ⁷
128 1932 199 1992 creti
215 1948 250 1990 ac
268 1929 394 2008 diversi,
409 1939 440 1991 ut
454 1931 536 2009 lons,
552 1938 581 1991 ιι
597 1947 733 2010 campus,
750 1940 780 1992 ut
795 1947 896 1990 nemus
914 1929 1031 2010 placuit.
1047 1930 1132 1990 vicos
1161 1971 1165 1980 .

127 2023 225 2076 locant
241 2032 300 2076 noa
323 2015 352 2073 in
371 2023 500 2075 nostrum
523 2031 634 2074 morem
657 2017 825 2075 concriset
844 2012 1068 2076 cohaerentibus
1083 2031 1131 2072 ae-

126 2100 246 2161 diociis:
265 2116 345 2160 suum
364 2098 487 2178 quisque
511 2097 737 2177 domamspatio
755 2097 928 2175 circumdat,
945 2099 1008 2158 sive
1028 2097 1153 2158 adver-c

127 2202 176 2244 sus
193 2201 277 2244 castus
291 2183 369 2261 ignis
383 2183 542 2244 remedium
559 2184 621 2243 sive
648 2183 761 2244 inscitia
791 2181 972 2243 aedificandi.
1010 2199 1047 2242 ne
1067 2199 1131 2242 cae·

126 2276 287 2330 mentorum
305 2267 421 2345 quidem
436 2266 513 2347 apud
530 2267 599 2329 illos
616 2277 663 2329 aut
679 2266 840 2346 tegularum
858 2285 943 2328 usus:
959 2268 1078 2328 materia
1096 2265 1131 2326 ad

127 2351 221 2412 omnia
247 2359 397 2412 utunturr
451 2371 504 2420 rr
531 2360 561 2412 ιι
581 2353 653 2413 citra
671 2352 801 2430 speciem
827 2360 874 2412 aut
895 2352 1130 2412 delectationem.

126 2434 268 2514 quaedam
279 2435 347 2494 loca
359 2351 526 2512 drlldilllds
537 2435 658 2498 inlinunt
670 2445 747 2496 terra
764 2438 803 2496 ita
817 2453 888 2514 pura
899 2453 934 2495 ac
946 2435 1130 2514 splendente,

127 2527 158 2578 ut
173 2519 313 2596 picturam
329 2536 365 2578 ac
381 2517 546 2580 liniamenta
573 2537 730 2598 corporum
747 2521 881 2579 imitetur.
908 2517 1004 2579 solent
1021 2528 1049 2579 et
1064 2537 1130 2598 sup·
1142 2537 1167 2580 ιι

127 2615 279 2663 terraneos
298 2619 406 2680 specus
423 2603 539 2683 aperire
555 2621 668 2683 eosque
682 2601 770 2664 multo
786 2603 904 2684 insuper
920 2605 985 2664 ituro
1000 2612 1131 2680 onerant,

82 2742 86 2748 .
127 2687 279 2786 suffugium
295 2685 382 2748 hiemi
397 2695 426 2746 et
441 2688 656 2767 receptaculum
673 2688 821 2767 frugibus,
844 2688 910 2767 quia
933 2689 1062 2766 rigorem
1083 2688 1131 2747 iri·

127 2787 231 2848 gerum
247 2771 309 2832 eius
325 2770 402 2830 modi
423 2772 483 2832 loci
501 2772 647 2850 molliunt,
674 2781 703 2832 et
723 2773 878 2852 siquando
897 2772 989 2834 hostis
1005 2771 1131 2847 advenit,

127 2855 421 2956 apertepopulatur,
444 2820 678 2938 abdita1auteln]
703 2866 732 2918 et
753 2857 872 2918 defossa
894 2867 941 2918 aut
963 2857 1133 2934 ignorantur

127 2947 175 2998 aut
192 2955 228 2998 eo
244 2939 309 3020 ipsc
324 2937 426 3001 lallnnt
442 2940 519 3019 quod
535 2941 700 3020 quaerenda
717 2950 790 3004 sunt.
1142 2961 1167 3004 ιι

194 3023 242 3082 17
265 3023 414 3102 Tegumen
431 3026 562 3086 omnihus
578 3043 679 3105 sagum
698 3026 783 3086 fibula
801 3035 865 3102 aut,
885 3027 912 3085 si
934 3025 1025 3098 desit,
1049 3023 1132 3103 spina

130 3119 312 3169 consertum:
330 3117 429 3172 cetera
444 3111 545 3172 intecii
557 3119 637 3172 totos
652 3109 713 3170 dies
727 3111 805 3170 iuxta
821 3109 918 3171 locum
936 3115 1023 3186 atque
1036 3107 1131 3184 ignem

11 3217 13 3222 ¹
128 3199 226 3268 agunt.
246 3190 468 3270 locupletissimi
484 3204 568 3256 ueste
580 3195 806 3272 distinguuntur,
823 3211 881 3255 non
893 3192 1040 3268 duitante,
1058 3192 1133 3252 sieut

128 3277 279 3336 Sarmatae
298 3293 334 3336 ac
350 3275 464 3356 Parthi,
478 3279 531 3340 sed
547 3281 647 3340 stricta
660 3288 688 3342 et
700 3279 831 3357 singulos
844 3286 924 3339 artus
940 3275 1130 3354 exprimente.

127 3367 232 3435 gerunt
247 3368 275 3420 et
290 3361 415 3422 ierarurn
431 3363 539 3442 pelles,
553 3365 678 3443 proximi
689 3365 772 3441 ripae
783 3361 997 3440 neglegenter,
1013 3360 1131 3421 ulterio-
1144 3379 1156 3420 ι

127 3461 176 3502 res
193 3443 379 3524 exquisitius,
405 3446 552 3527 atquibus
568 3447 662 3508 nullus
679 3465 732 3524 per
751 3445 926 3505 comruercia
945 3445 1048 3505 cultus.
1080 3444 1131 3502 eli·
1156 3509 1166 3530 ί
