<?xml version="1.0" encoding="UTF-8"?>
<!DOCTYPE html PUBLIC "-//W3C//DTD XHTML 1.0 Transitional//EN"
    "http://www.w3.org/TR/xhtml1/DTD/xhtml1-transitional.dtd">
<html xmlns="http://www.w3.org/1999/xhtml" xml:lang="en" lang="en">
 <head>
  <title>
</title>
<meta http-equiv="Content-Type" content="text/html;charset=utf-8" />
  <meta name='ocr-system' content='tesseract 3.04.00' />
  <meta name='ocr-capabilities' content='ocr_page ocr_carea ocr_par ocr_line ocrx_word'/>
</head>
<body>
  <div class='ocr_page' id='page_1' title='image "./germaniaagricol01tacigoog_0040.png"; bbox 0 0 2580 3900; ppageno 0'>
   <div class='ocr_carea' id='block_1_1' title="bbox 517 208 1117 272">
    <p class='ocr_par' dir='ltr' id='par_1_1' title="bbox 517 208 1117 272">
     <span class='ocr_line' id='line_1_1' title="bbox 517 208 1117 272; baseline 0.008 -9"><span class='ocrx_word' id='word_1_1' title='bbox 517 217 590 264; x_wconf 76' lang='lat' dir='ltr'><strong>cns.</strong></span> <span class='ocrx_word' id='word_1_2' title='bbox 606 215 727 270; x_wconf 80' lang='lat'><strong>14—18.</strong></span> <span class='ocrx_word' id='word_1_3' title='bbox 1061 208 1117 272; x_wconf 79' lang='lat'><strong>221</strong></span> 
     </span>
    </p>
   </div>
   <div class='ocr_carea' id='block_1_2' title="bbox 118 369 1186 3548">
    <p class='ocr_par' dir='ltr' id='par_1_2' title="bbox 118 369 1161 1540">
     <span class='ocr_line' id='line_1_2' title="bbox 119 369 1123 453; baseline 0.003 -20"><span class='ocrx_word' id='word_1_4' title='bbox 119 373 290 451; x_wconf 86' lang='lat' dir='ltr'><strong>compositis</strong></span> <span class='ocrx_word' id='word_1_5' title='bbox 307 371 453 450; x_wconf 77' lang='lat' dir='ltr'><strong>prioribus</strong></span> <span class='ocrx_word' id='word_1_6' title='bbox 468 369 537 432; x_wconf 88' lang='lat' dir='ltr'><strong>nihil</strong></span> <span class='ocrx_word' id='word_1_7' title='bbox 552 370 627 432; x_wconf 89' lang='lat' dir='ltr'><strong>ultra</strong></span> <span class='ocrx_word' id='word_1_8' title='bbox 645 389 731 432; x_wconf 85' lang='lat' dir='ltr'><strong>nasus</strong></span> <span class='ocrx_word' id='word_1_9' title='bbox 750 369 899 434; x_wconf 78' lang='lat' dir='ltr'>Trebellio</span> <span class='ocrx_word' id='word_1_10' title='bbox 913 373 1039 436; x_wconf 71' lang='lat' dir='ltr'><strong>Maxim</strong></span> <span class='ocrx_word' id='word_1_11' title='bbox 1057 391 1123 453; x_wconf 92' lang='lat' dir='ltr'><strong>pro·</strong></span> 
     </span>
     <span class='ocr_line' id='line_1_3' title="bbox 118 453 1159 532; baseline 0.007 -16"><span class='ocrx_word' id='word_1_12' title='bbox 118 459 244 520; x_wconf 81' lang='lat' dir='ltr'><strong>vinciam</strong></span> <span class='ocrx_word' id='word_1_13' title='bbox 263 455 387 517; x_wconf 78' lang='lat' dir='ltr'><strong>tradidit.</strong></span> <span class='ocrx_word' id='word_1_14' title='bbox 422 453 586 516; x_wconf 82' lang='lat' dir='ltr'><strong>Trebellius</strong></span> <span class='ocrx_word' id='word_1_15' title='bbox 608 455 728 532; x_wconf 77' lang='lat' dir='ltr'><strong>segnior</strong></span> <span class='ocrx_word' id='word_1_16' title='bbox 748 464 778 514; x_wconf 90' lang='lat' dir='ltr'><strong>ct</strong></span> <span class='ocrx_word' id='word_1_17' title='bbox 793 454 879 516; x_wconf 90' lang='lat' dir='ltr'><strong>nullis</strong></span> <span class='ocrx_word' id='word_1_18' title='bbox 900 467 1057 519; x_wconf 87' lang='lat' dir='ltr'><strong>castrorum</strong></span> <span class='ocrx_word' id='word_1_19' title='bbox 1074 478 1123 518; x_wconf 85' lang='lat' dir='ltr'><strong>ex·</strong></span> <span class='ocrx_word' id='word_1_20' title='bbox 1135 483 1159 524; x_wconf 77' lang='lat' dir='ltr'><strong>aa</strong></span> 
     </span>
     <span class='ocr_line' id='line_1_4' title="bbox 119 537 1124 620; baseline 0.002 -20"><span class='ocrx_word' id='word_1_21' title='bbox 119 539 305 620; x_wconf 82' lang='lat' dir='ltr'><strong>perimentis,</strong></span> <span class='ocrx_word' id='word_1_22' title='bbox 325 539 459 601; x_wconf 89' lang='lat' dir='ltr'><strong>comitate</strong></span> <span class='ocrx_word' id='word_1_23' title='bbox 478 537 600 620; x_wconf 84' lang='lat' dir='ltr'><strong>quadam</strong></span> <span class='ocrx_word' id='word_1_24' title='bbox 623 537 741 598; x_wconf 89' lang='lat' dir='ltr'><strong>curandi</strong></span> <span class='ocrx_word' id='word_1_25' title='bbox 756 539 934 617; x_wconf 82' lang='lat' dir='ltr'><strong>provinciana</strong></span> <span class='ocrx_word' id='word_1_26' title='bbox 948 543 1048 606; x_wconf 89' lang='lat' dir='ltr'><strong>tenuit.</strong></span> <span class='ocrx_word' id='word_1_27' title='bbox 1083 542 1124 602; x_wconf 92' lang='lat' dir='ltr'><strong>di·</strong></span> 
     </span>
     <span class='ocr_line' id='line_1_5' title="bbox 120 621 1126 702; baseline -0.001 -18"><span class='ocrx_word' id='word_1_28' title='bbox 120 624 221 684; x_wconf 81' lang='lat' dir='ltr'><strong>dicere</strong></span> <span class='ocrx_word' id='word_1_29' title='bbox 241 623 296 684; x_wconf 88' lang='lat' dir='ltr'><strong>iam</strong></span> <span class='ocrx_word' id='word_1_30' title='bbox 317 622 432 684; x_wconf 79' lang='lat' dir='ltr'><strong>barbari</strong></span> <span class='ocrx_word' id='word_1_31' title='bbox 448 638 565 700; x_wconf 84' lang='lat' dir='ltr'><strong>quoqne</strong></span> <span class='ocrx_word' id='word_1_32' title='bbox 581 621 738 698; x_wconf 88' lang='lat' dir='ltr'><strong>ignoscere</strong></span> <span class='ocrx_word' id='word_1_33' title='bbox 753 622 830 682; x_wconf 82' lang='lat' dir='ltr'><strong>vitiis</strong></span> <span class='ocrx_word' id='word_1_34' title='bbox 846 621 1074 702; x_wconf 87' lang='lat' dir='ltr'><strong>blandientibus,</strong></span> <span class='ocrx_word' id='word_1_35' title='bbox 1096 633 1126 684; x_wconf 88' lang='lat' dir='ltr'><strong>et</strong></span> 
     </span>
     <span class='ocr_line' id='line_1_6' title="bbox 119 705 1124 785; baseline 0.001 -17"><span class='ocrx_word' id='word_1_36' title='bbox 119 710 298 768; x_wconf 88' lang='lat' dir='ltr'><strong>interventus</strong></span> <span class='ocrx_word' id='word_1_37' title='bbox 324 706 448 768; x_wconf 86' lang='lat' dir='ltr'><strong>civilium</strong></span> <span class='ocrx_word' id='word_1_38' title='bbox 467 721 610 767; x_wconf 84' lang='lat' dir='ltr'><strong>armorum</strong></span> <span class='ocrx_word' id='word_1_39' title='bbox 632 705 765 784; x_wconf 88' lang='lat' dir='ltr'><strong>praebuit</strong></span> <span class='ocrx_word' id='word_1_40' title='bbox 784 706 887 766; x_wconf 87' lang='lat' dir='ltr'><strong>iustam</strong></span> <span class='ocrx_word' id='word_1_41' title='bbox 909 709 1054 785; x_wconf 77' lang='lat' dir='ltr'><strong>segnitiae</strong></span> <span class='ocrx_word' id='word_1_42' title='bbox 1075 726 1124 769; x_wconf 88' lang='lat' dir='ltr'><strong>ex-</strong></span> 
     </span>
     <span class='ocr_line' id='line_1_7' title="bbox 121 787 1125 871; baseline 0.002 -21"><span class='ocrx_word' id='word_1_43' title='bbox 121 790 315 856; x_wconf 86' lang='lat' dir='ltr'><strong>eusationem:</strong></span> <span class='ocrx_word' id='word_1_44' title='bbox 354 789 406 848; x_wconf 90' lang='lat' dir='ltr'><strong>sed</strong></span> <span class='ocrx_word' id='word_1_45' title='bbox 427 787 572 851; x_wconf 88' lang='lat' dir='ltr'><strong>discordia</strong></span> <span class='ocrx_word' id='word_1_46' title='bbox 593 787 768 865; x_wconf 91' lang='lat' dir='ltr'><strong>laboratum,</strong></span> <span class='ocrx_word' id='word_1_47' title='bbox 793 807 857 850; x_wconf 88' lang='lat' dir='ltr'><strong>eum</strong></span> <span class='ocrx_word' id='word_1_48' title='bbox 879 790 1014 852; x_wconf 87' lang='lat' dir='ltr'><strong>adsuetus</strong></span> <span class='ocrx_word' id='word_1_49' title='bbox 1035 810 1125 871; x_wconf 84' lang='lat' dir='ltr'><strong>expe-</strong></span> 
     </span>
     <span class='ocr_line' id='line_1_8' title="bbox 119 871 1160 952; baseline 0.001 -18"><span class='ocrx_word' id='word_1_50' title='bbox 119 873 276 937; x_wconf 80' lang='lat' dir='ltr'><strong>ditionibus</strong></span> <span class='ocrx_word' id='word_1_51' title='bbox 294 873 377 934; x_wconf 89' lang='lat' dir='ltr'><strong>miles</strong></span> <span class='ocrx_word' id='word_1_52' title='bbox 401 873 461 933; x_wconf 94' lang='lat' dir='ltr'><strong>otio</strong></span> <span class='ocrx_word' id='word_1_53' title='bbox 482 871 640 932; x_wconf 83' lang='lat' dir='ltr'><strong>lasciviret</strong></span> <span class='ocrx_word' id='word_1_54' title='bbox 673 871 851 951; x_wconf 78' lang='lat' dir='ltr'><strong>Trebellius,</strong></span> <span class='ocrx_word' id='word_1_55' title='bbox 871 874 941 952; x_wconf 85' lang='lat' dir='ltr'><strong>iuga</strong></span> <span class='ocrx_word' id='word_1_56' title='bbox 956 893 991 936; x_wconf 91' lang='lat' dir='ltr'><strong>ae</strong></span> <span class='ocrx_word' id='word_1_57' title='bbox 1006 875 1125 937; x_wconf 89' lang='lat' dir='ltr'><strong>latebris</strong></span> <span class='ocrx_word' id='word_1_58' title='bbox 1135 895 1160 935; x_wconf 80' lang='lat' dir='ltr'><strong>oo</strong></span> 
     </span>
     <span class='ocr_line' id='line_1_9' title="bbox 119 955 1125 1036; baseline 0.001 -19"><span class='ocrx_word' id='word_1_59' title='bbox 119 959 209 1019; x_wconf 90' lang='lat' dir='ltr'><strong>vitata</strong></span> <span class='ocrx_word' id='word_1_60' title='bbox 230 958 377 1020; x_wconf 82' lang='lat' dir='ltr'><strong>exercitus</strong></span> <span class='ocrx_word' id='word_1_61' title='bbox 397 959 439 1018; x_wconf 87' lang='lat' dir='ltr'><strong>ira</strong></span> <span class='ocrx_word' id='word_1_62' title='bbox 462 955 618 1018; x_wconf 90' lang='lat' dir='ltr'><strong>indecorus</strong></span> <span class='ocrx_word' id='word_1_63' title='bbox 635 965 723 1035; x_wconf 88' lang='lat' dir='ltr'><strong>atque</strong></span> <span class='ocrx_word' id='word_1_64' title='bbox 746 956 875 1033; x_wconf 87' lang='lat' dir='ltr'><strong>humilis,</strong></span> <span class='ocrx_word' id='word_1_65' title='bbox 902 961 1037 1036; x_wconf 87' lang='lat' dir='ltr'><strong>precario</strong></span> <span class='ocrx_word' id='word_1_66' title='bbox 1057 976 1125 1021; x_wconf 86' lang='lat' dir='ltr'><strong>mox</strong></span> 
     </span>
     <span class='ocr_line' id='line_1_10' title="bbox 121 1040 1126 1140; baseline -0.001 -38"><span class='ocrx_word' id='word_1_67' title='bbox 121 1040 257 1122; x_wconf 78' lang='lat' dir='ltr'><strong>praefuit,</strong></span> <span class='ocrx_word' id='word_1_68' title='bbox 274 1058 309 1104; x_wconf 89' lang='lat' dir='ltr'><strong>ac</strong></span> <span class='ocrx_word' id='word_1_69' title='bbox 325 1040 405 1100; x_wconf 89' lang='lat' dir='ltr'><strong>velut</strong></span> <span class='ocrx_word' id='word_1_70' title='bbox 421 1042 516 1140; x_wconf 86' lang='lat' dir='ltr'><strong>pacti,</strong></span> <span class='ocrx_word' id='word_1_71' title='bbox 533 1042 680 1104; x_wconf 80' lang='lat' dir='ltr'><strong>exercitus</strong></span> <span class='ocrx_word' id='word_1_72' title='bbox 696 1040 853 1117; x_wconf 89' lang='lat' dir='ltr'><strong>licentiam,</strong></span> <span class='ocrx_word' id='word_1_73' title='bbox 871 1041 929 1101; x_wconf 87' lang='lat' dir='ltr'><strong>dux</strong></span> <span class='ocrx_word' id='word_1_74' title='bbox 943 1041 1079 1119; x_wconf 87' lang='lat' dir='ltr'><strong>salutem,</strong></span> <span class='ocrx_word' id='word_1_75' title='bbox 1096 1052 1126 1102; x_wconf 85' lang='lat' dir='ltr'><strong>et</strong></span> 
     </span>
     <span class='ocr_line' id='line_1_11' title="bbox 119 1121 1124 1201; baseline -0.002 -15"><span class='ocrx_word' id='word_1_76' title='bbox 119 1124 225 1186; x_wconf 88' lang='lat' dir='ltr'><strong>seditio</strong></span> <span class='ocrx_word' id='word_1_77' title='bbox 249 1127 312 1184; x_wconf 87' lang='lat' dir='ltr'><strong>sine</strong></span> <span class='ocrx_word' id='word_1_78' title='bbox 334 1124 474 1201; x_wconf 87' lang='lat' dir='ltr'><strong>sanguine</strong></span> <span class='ocrx_word' id='word_1_79' title='bbox 496 1125 586 1187; x_wconf 79' lang='lat' dir='ltr'><strong>stetit,</strong></span> <span class='ocrx_word' id='word_1_80' title='bbox 615 1141 671 1184; x_wconf 89' lang='lat' dir='ltr'><strong>nec</strong></span> <span class='ocrx_word' id='word_1_81' title='bbox 693 1124 808 1190; x_wconf 84' lang='lat' dir='ltr'><strong>Vettius</strong></span> <span class='ocrx_word' id='word_1_82' title='bbox 824 1121 966 1200; x_wconf 85' lang='lat' dir='ltr'><strong>Bolanus</strong></span> <span class='ocrx_word' id='word_1_83' title='bbox 988 1127 1124 1186; x_wconf 84' lang='lat' dir='ltr'><strong>manenti·</strong></span> 
     </span>
     <span class='ocr_line' id='line_1_12' title="bbox 120 1205 1124 1287; baseline 0.001 -18"><span class='ocrx_word' id='word_1_84' title='bbox 120 1209 175 1269; x_wconf 86' lang='lat' dir='ltr'><strong>bus</strong></span> <span class='ocrx_word' id='word_1_85' title='bbox 204 1206 298 1272; x_wconf 89' lang='lat' dir='ltr'><strong>adbuc</strong></span> <span class='ocrx_word' id='word_1_86' title='bbox 322 1205 456 1270; x_wconf 82' lang='lat' dir='ltr'><strong>civilibus</strong></span> <span class='ocrx_word' id='word_1_87' title='bbox 481 1206 584 1284; x_wconf 90' lang='lat' dir='ltr'><strong>bellis,</strong></span> <span class='ocrx_word' id='word_1_88' title='bbox 611 1207 730 1286; x_wconf 88' lang='lat' dir='ltr'><strong>agitavit</strong></span> <span class='ocrx_word' id='word_1_89' title='bbox 755 1205 928 1271; x_wconf 88' lang='lat' dir='ltr'><strong>Britanniam</strong></span> <span class='ocrx_word' id='word_1_90' title='bbox 957 1207 1124 1287; x_wconf 88' lang='lat' dir='ltr'><strong>disciplina·</strong></span> 
     </span>
     <span class='ocr_line' id='line_1_13' title="bbox 120 1289 1161 1371; baseline 0 -19"><span class='ocrx_word' id='word_1_91' title='bbox 120 1291 223 1354; x_wconf 89' lang='lat' dir='ltr'><strong>eadem</strong></span> <span class='ocrx_word' id='word_1_92' title='bbox 237 1291 340 1352; x_wconf 91' lang='lat' dir='ltr'><strong>inertia</strong></span> <span class='ocrx_word' id='word_1_93' title='bbox 357 1308 428 1370; x_wconf 86' lang='lat' dir='ltr'><strong>erga</strong></span> <span class='ocrx_word' id='word_1_94' title='bbox 442 1289 551 1364; x_wconf 83' lang='lat' dir='ltr'><strong>hostis,</strong></span> <span class='ocrx_word' id='word_1_95' title='bbox 572 1291 672 1352; x_wconf 87' lang='lat' dir='ltr'><strong>similis</strong></span> <span class='ocrx_word' id='word_1_96' title='bbox 693 1292 850 1371; x_wconf 87' lang='lat' dir='ltr'><strong>petulantia</strong></span> <span class='ocrx_word' id='word_1_97' title='bbox 873 1301 1050 1371; x_wconf 86' lang='lat' dir='ltr'><strong>castrorum,</strong></span> <span class='ocrx_word' id='word_1_98' title='bbox 1070 1293 1161 1358; x_wconf 71' lang='lat' dir='ltr'><strong>nisiae</strong></span> 
     </span>
     <span class='ocr_line' id='line_1_14' title="bbox 120 1371 1126 1456; baseline -0.002 -20"><span class='ocrx_word' id='word_1_99' title='bbox 120 1375 229 1456; x_wconf 80' lang='lat' dir='ltr'><strong>quod</strong></span> <span class='ocrx_word' id='word_1_100' title='bbox 220 1391 360 1436; x_wconf 78' lang='lat' dir='ltr'><strong>innocens</strong></span> <span class='ocrx_word' id='word_1_101' title='bbox 385 1371 512 1436; x_wconf 82' lang='lat' dir='ltr'><strong>bolanus</strong></span> <span class='ocrx_word' id='word_1_102' title='bbox 537 1382 567 1434; x_wconf 89' lang='lat' dir='ltr'><strong>et</strong></span> <span class='ocrx_word' id='word_1_103' title='bbox 591 1374 676 1436; x_wconf 90' lang='lat' dir='ltr'><strong>nullis</strong></span> <span class='ocrx_word' id='word_1_104' title='bbox 700 1375 814 1436; x_wconf 89' lang='lat' dir='ltr'><strong>delictis</strong></span> <span class='ocrx_word' id='word_1_105' title='bbox 842 1376 951 1436; x_wconf 86' lang='lat' dir='ltr'><strong>invisus</strong></span> <span class='ocrx_word' id='word_1_106' title='bbox 978 1379 1126 1440; x_wconf 88' lang='lat' dir='ltr'><strong>caritatem</strong></span> 
     </span>
     <span class='ocr_line' id='line_1_15' title="bbox 120 1458 563 1540; baseline -0.009 -20"><span class='ocrx_word' id='word_1_107' title='bbox 120 1468 275 1540; x_wconf 90' lang='lat' dir='ltr'><strong>paraverat</strong></span> <span class='ocrx_word' id='word_1_108' title='bbox 288 1460 357 1520; x_wconf 88' lang='lat' dir='ltr'><strong>loeo</strong></span> <span class='ocrx_word' id='word_1_109' title='bbox 376 1458 563 1520; x_wconf 81' lang='lat' dir='ltr'><strong>auctoritatis.</strong></span> 
     </span>
    </p>

    <p class='ocr_par' dir='ltr' id='par_1_3' title="bbox 119 1539 1186 2458">
     <span class='ocr_line' id='line_1_16' title="bbox 185 1539 1126 1620; baseline 0 -18"><span class='ocrx_word' id='word_1_110' title='bbox 185 1543 232 1603; x_wconf 89' lang='lat'><strong>17.</strong></span> <span class='ocrx_word' id='word_1_111' title='bbox 256 1540 315 1602; x_wconf 88' lang='lat' dir='ltr'><strong>Sed</strong></span> <span class='ocrx_word' id='word_1_112' title='bbox 332 1541 381 1601; x_wconf 91' lang='lat' dir='ltr'><strong>ubi</strong></span> <span class='ocrx_word' id='word_1_113' title='bbox 405 1560 468 1602; x_wconf 87' lang='lat' dir='ltr'><strong>oum</strong></span> <span class='ocrx_word' id='word_1_114' title='bbox 485 1549 584 1605; x_wconf 90' lang='lat' dir='ltr'><strong>eetero</strong></span> <span class='ocrx_word' id='word_1_115' title='bbox 604 1541 677 1602; x_wconf 89' lang='lat' dir='ltr'><strong>orbe</strong></span> <span class='ocrx_word' id='word_1_116' title='bbox 692 1539 891 1620; x_wconf 81' lang='lat' dir='ltr'><strong>Vespasianus</strong></span> <span class='ocrx_word' id='word_1_117' title='bbox 908 1551 937 1602; x_wconf 88' lang='lat' dir='ltr'><strong>et</strong></span> <span class='ocrx_word' id='word_1_118' title='bbox 950 1541 1126 1606; x_wconf 87' lang='lat' dir='ltr'><strong>Britanniam</strong></span> 
     </span>
     <span class='ocr_line' id='line_1_17' title="bbox 119 1625 1126 1705; baseline -0.002 -18"><span class='ocrx_word' id='word_1_119' title='bbox 119 1627 313 1705; x_wconf 88' lang='lat' dir='ltr'><strong>reciperavit,</strong></span> <span class='ocrx_word' id='word_1_120' title='bbox 331 1627 427 1704; x_wconf 85' lang='lat' dir='ltr'><strong>magni</strong></span> <span class='ocrx_word' id='word_1_121' title='bbox 445 1625 551 1702; x_wconf 88' lang='lat' dir='ltr'><strong>duces,</strong></span> <span class='ocrx_word' id='word_1_122' title='bbox 570 1626 685 1704; x_wconf 85' lang='lat' dir='ltr'><strong>egregii</strong></span> <span class='ocrx_word' id='word_1_123' title='bbox 702 1625 866 1704; x_wconf 86' lang='lat' dir='ltr'><strong>exereitus,</strong></span> <span class='ocrx_word' id='word_1_124' title='bbox 882 1626 989 1688; x_wconf 85' lang='lat' dir='ltr'><strong>minuta</strong></span> <span class='ocrx_word' id='word_1_125' title='bbox 1003 1625 1126 1688; x_wconf 89' lang='lat' dir='ltr'><strong>bostium</strong></span> 
     </span>
     <span class='ocr_line' id='line_1_18' title="bbox 120 1707 1127 1790; baseline 0.002 -19"><span class='ocrx_word' id='word_1_126' title='bbox 120 1728 201 1789; x_wconf 88' lang='lat' dir='ltr'><strong>spes.</strong></span> <span class='ocrx_word' id='word_1_127' title='bbox 234 1717 262 1770; x_wconf 89' lang='lat' dir='ltr'><strong>et</strong></span> <span class='ocrx_word' id='word_1_128' title='bbox 282 1719 423 1771; x_wconf 84' lang='lat' dir='ltr'><strong>terrorem</strong></span> <span class='ocrx_word' id='word_1_129' title='bbox 443 1711 540 1770; x_wconf 85' lang='lat' dir='ltr'><strong>statim</strong></span> <span class='ocrx_word' id='word_1_130' title='bbox 561 1710 654 1771; x_wconf 91' lang='lat' dir='ltr'><strong>intulit</strong></span> <span class='ocrx_word' id='word_1_131' title='bbox 672 1709 792 1770; x_wconf 89' lang='lat' dir='ltr'><strong>Petilius</strong></span> <span class='ocrx_word' id='word_1_132' title='bbox 804 1707 942 1788; x_wconf 84' lang='lat' dir='ltr'><strong>Cerialis,</strong></span> <span class='ocrx_word' id='word_1_133' title='bbox 960 1707 1127 1790; x_wconf 76' lang='lat' dir='ltr'><strong>Brigantum</strong></span> 
     </span>
     <span class='ocr_line' id='line_1_19' title="bbox 121 1793 1125 1875; baseline -0.001 -21"><span class='ocrx_word' id='word_1_134' title='bbox 121 1794 284 1871; x_wconf 88' lang='lat' dir='ltr'><strong>civitatem,</strong></span> <span class='ocrx_word' id='word_1_135' title='bbox 308 1812 383 1873; x_wconf 87' lang='lat' dir='ltr'><strong>quae</strong></span> <span class='ocrx_word' id='word_1_136' title='bbox 405 1794 639 1856; x_wconf 89' lang='lat' dir='ltr'><strong>numerosissima</strong></span> <span class='ocrx_word' id='word_1_137' title='bbox 660 1793 826 1872; x_wconf 87' lang='lat' dir='ltr'><strong>provinciae</strong></span> <span class='ocrx_word' id='word_1_138' title='bbox 842 1796 930 1854; x_wconf 91' lang='lat' dir='ltr'><strong>totius</strong></span> <span class='ocrx_word' id='word_1_139' title='bbox 949 1793 1125 1875; x_wconf 87' lang='lat' dir='ltr'><strong>perhibetur,</strong></span> 
     </span>
     <span class='ocr_line' id='line_1_20' title="bbox 120 1875 1186 1958; baseline 0 -18"><span class='ocrx_word' id='word_1_140' title='bbox 120 1875 299 1954; x_wconf 65' lang='lat' dir='ltr'><strong>adgressus..</strong></span> <span class='ocrx_word' id='word_1_141' title='bbox 318 1877 406 1938; x_wconf 88' lang='lat' dir='ltr'><strong>multa</strong></span> <span class='ocrx_word' id='word_1_142' title='bbox 428 1877 556 1958; x_wconf 88' lang='lat' dir='ltr'><strong>proelia,</strong></span> <span class='ocrx_word' id='word_1_143' title='bbox 582 1885 610 1941; x_wconf 90' lang='lat' dir='ltr'><strong>et</strong></span> <span class='ocrx_word' id='word_1_144' title='bbox 631 1876 783 1958; x_wconf 87' lang='lat' dir='ltr'><strong>aliquando</strong></span> <span class='ocrx_word' id='word_1_145' title='bbox 807 1895 865 1938; x_wconf 92' lang='lat' dir='ltr'><strong>non</strong></span> <span class='ocrx_word' id='word_1_146' title='bbox 881 1878 1044 1947; x_wconf 85' lang='lat' dir='ltr'><strong>incruenta;</strong></span> <span class='ocrx_word' id='word_1_147' title='bbox 1067 1895 1147 1940; x_wconf 74' lang='lat' dir='ltr'><strong>mos</strong></span> <span class='ocrx_word' id='word_1_148' title='bbox 1185 1879 1186 1882; x_wconf 73' lang='grc'>’</span> 
     </span>
     <span class='ocr_line' id='line_1_21' title="bbox 120 1960 1127 2042; baseline 0.001 -22"><span class='ocrx_word' id='word_1_149' title='bbox 120 1979 265 2040; x_wconf 84' lang='lat' dir='ltr'><strong>gnamque</strong></span> <span class='ocrx_word' id='word_1_150' title='bbox 287 1960 464 2037; x_wconf 87' lang='lat' dir='ltr'><strong>Brigantium</strong></span> <span class='ocrx_word' id='word_1_151' title='bbox 491 1970 602 2040; x_wconf 87' lang='lat' dir='ltr'><strong>partem</strong></span> <span class='ocrx_word' id='word_1_152' title='bbox 629 1969 677 2020; x_wconf 88' lang='lat' dir='ltr'><strong>aut</strong></span> <span class='ocrx_word' id='word_1_153' title='bbox 697 1960 817 2022; x_wconf 90' lang='lat' dir='ltr'><strong>victoria</strong></span> <span class='ocrx_word' id='word_1_154' title='bbox 839 1961 990 2042; x_wconf 83' lang='lat' dir='ltr'><strong>amplexus</strong></span> <span class='ocrx_word' id='word_1_155' title='bbox 1014 1970 1058 2021; x_wconf 90' lang='lat' dir='ltr'><strong>est</strong></span> <span class='ocrx_word' id='word_1_156' title='bbox 1080 1971 1127 2021; x_wconf 91' lang='lat' dir='ltr'><strong>aut</strong></span> 
     </span>
     <span class='ocr_line' id='line_1_22' title="bbox 120 2042 1126 2124; baseline 0 -18"><span class='ocrx_word' id='word_1_157' title='bbox 120 2043 213 2106; x_wconf 88' lang='lat' dir='ltr'><strong>bello.</strong></span> <span class='ocrx_word' id='word_1_158' title='bbox 243 2051 273 2102; x_wconf 91' lang='lat' dir='ltr'><strong>et</strong></span> <span class='ocrx_word' id='word_1_159' title='bbox 288 2042 411 2104; x_wconf 83' lang='lat' dir='ltr'><strong>Cerialis</strong></span> <span class='ocrx_word' id='word_1_160' title='bbox 433 2043 545 2124; x_wconf 88' lang='lat' dir='ltr'><strong>quidem</strong></span> <span class='ocrx_word' id='word_1_161' title='bbox 563 2043 681 2106; x_wconf 90' lang='lat' dir='ltr'><strong>alterius</strong></span> <span class='ocrx_word' id='word_1_162' title='bbox 699 2047 880 2105; x_wconf 87' lang='lat' dir='ltr'><strong>successoris</strong></span> <span class='ocrx_word' id='word_1_163' title='bbox 899 2063 996 2106; x_wconf 89' lang='lat' dir='ltr'><strong>curam</strong></span> <span class='ocrx_word' id='word_1_164' title='bbox 1011 2044 1126 2106; x_wconf 79' lang='lat' dir='ltr'><strong>lamun-</strong></span> 
     </span>
     <span class='ocr_line' id='line_1_23' title="bbox 122 2127 1127 2208; baseline -0.001 -19"><span class='ocrx_word' id='word_1_165' title='bbox 122 2145 180 2208; x_wconf 85' lang='lat' dir='ltr'><strong>que</strong></span> <span class='ocrx_word' id='word_1_166' title='bbox 203 2127 350 2194; x_wconf 82' lang='lat' dir='ltr'><strong>obruisset</strong></span> <span class='ocrx_word' id='word_1_167' title='bbox 378 2127 410 2169; x_wconf 85' lang='lat'><strong>**</strong></span> <span class='ocrx_word' id='word_1_168' title='bbox 433 2127 623 2206; x_wconf 83' lang='lat' dir='ltr'><strong>sustinuitque</strong></span> <span class='ocrx_word' id='word_1_169' title='bbox 646 2127 751 2188; x_wconf 88' lang='lat' dir='ltr'><strong>molem</strong></span> <span class='ocrx_word' id='word_1_170' title='bbox 778 2127 868 2190; x_wconf 92' lang='lat' dir='ltr'><strong>lulius</strong></span> <span class='ocrx_word' id='word_1_171' title='bbox 887 2127 1058 2204; x_wconf 80' lang='lat' dir='ltr'><strong>Frontinus,</strong></span> <span class='ocrx_word' id='word_1_172' title='bbox 1083 2129 1127 2188; x_wconf 89' lang='lat' dir='ltr'><strong>vir</strong></span> 
     </span>
     <span class='ocr_line' id='line_1_24' title="bbox 120 2210 1127 2292; baseline -0.002 -20"><span class='ocrx_word' id='word_1_173' title='bbox 120 2229 260 2289; x_wconf 84' lang='lat' dir='ltr'><strong>magnus,</strong></span> <span class='ocrx_word' id='word_1_174' title='bbox 278 2221 413 2292; x_wconf 85' lang='lat' dir='ltr'><strong>quantum</strong></span> <span class='ocrx_word' id='word_1_175' title='bbox 427 2210 552 2289; x_wconf 86' lang='lat' dir='ltr'><strong>licebat,</strong></span> <span class='ocrx_word' id='word_1_176' title='bbox 574 2211 755 2290; x_wconf 80' lang='lat' dir='ltr'><strong>validamque</strong></span> <span class='ocrx_word' id='word_1_177' title='bbox 775 2220 805 2271; x_wconf 89' lang='lat' dir='ltr'><strong>et</strong></span> <span class='ocrx_word' id='word_1_178' title='bbox 825 2229 988 2291; x_wconf 85' lang='lat' dir='ltr'><strong>pugnacem</strong></span> <span class='ocrx_word' id='word_1_179' title='bbox 1004 2211 1127 2274; x_wconf 88' lang='lat' dir='ltr'><strong>Silurum</strong></span> 
     </span>
     <span class='ocr_line' id='line_1_25' title="bbox 119 2294 1162 2376; baseline -0.001 -21"><span class='ocrx_word' id='word_1_180' title='bbox 119 2305 239 2374; x_wconf 84' lang='lat' dir='ltr'><strong>gentem</strong></span> <span class='ocrx_word' id='word_1_181' title='bbox 255 2297 340 2358; x_wconf 90' lang='lat' dir='ltr'><strong>armis</strong></span> <span class='ocrx_word' id='word_1_182' title='bbox 356 2295 485 2374; x_wconf 85' lang='lat' dir='ltr'><strong>subegit,</strong></span> <span class='ocrx_word' id='word_1_183' title='bbox 510 2313 599 2376; x_wconf 88' lang='lat' dir='ltr'><strong>super</strong></span> <span class='ocrx_word' id='word_1_184' title='bbox 619 2297 752 2356; x_wconf 84' lang='lat' dir='ltr'><strong>virtutem</strong></span> <span class='ocrx_word' id='word_1_185' title='bbox 769 2294 892 2358; x_wconf 84' lang='lat' dir='ltr'><strong>bostium</strong></span> <span class='ocrx_word' id='word_1_186' title='bbox 910 2295 1040 2358; x_wconf 88' lang='lat' dir='ltr'><strong>locorum</strong></span> <span class='ocrx_word' id='word_1_187' title='bbox 1056 2312 1125 2374; x_wconf 85' lang='lat' dir='ltr'><strong>quo</strong></span> <span class='ocrx_word' id='word_1_188' title='bbox 1138 2314 1162 2355; x_wconf 82' lang='lat' dir='ltr'><strong>ro</strong></span> 
     </span>
     <span class='ocr_line' id='line_1_26' title="bbox 122 2378 706 2458; baseline 0.009 -20"><span class='ocrx_word' id='word_1_189' title='bbox 122 2397 180 2458; x_wconf 84' lang='lat' dir='ltr'><strong>que</strong></span> <span class='ocrx_word' id='word_1_190' title='bbox 197 2378 381 2441; x_wconf 84' lang='lat' dir='ltr'><strong>difficultates</strong></span> <span class='ocrx_word' id='word_1_191' title='bbox 397 2380 706 2443; x_wconf 90' lang='lat' dir='ltr'><strong>eluctatus..</strong></span> 
     </span>
    </p>

    <p class='ocr_par' dir='ltr' id='par_1_4' title="bbox 121 2433 1162 3548">
     <span class='ocr_line' id='line_1_27' title="bbox 189 2433 1128 2537; baseline 0.001 -16.022"><span class='ocrx_word' id='word_1_192' title='bbox 189 2459 237 2521; x_wconf 77' lang='lat' dir='ltr'><strong>1.ss</strong></span> <span class='ocrx_word' id='word_1_193' title='bbox 189 2461 342 2523; x_wconf 81' lang='lat' dir='ltr'><strong>illunc</strong></span> <span class='ocrx_word' id='word_1_194' title='bbox 362 2461 525 2522; x_wconf 89' lang='lat' dir='ltr'><strong>Britanniae</strong></span> <span class='ocrx_word' id='word_1_195' title='bbox 546 2471 664 2537; x_wconf 85' lang='lat' dir='ltr'><strong>statum,</strong></span> <span class='ocrx_word' id='word_1_196' title='bbox 689 2462 742 2522; x_wconf 89' lang='lat' dir='ltr'><strong>bas</strong></span> <span class='ocrx_word' id='word_1_197' title='bbox 763 2433 905 2522; x_wconf 81' lang='lat' dir='ltr'><strong>bellorum</strong></span> <span class='ocrx_word' id='word_1_198' title='bbox 933 2462 1014 2522; x_wconf 87' lang='lat' dir='ltr'><strong>vices</strong></span> <span class='ocrx_word' id='word_1_199' title='bbox 1033 2461 1128 2522; x_wconf 89' lang='lat' dir='ltr'><strong>media</strong></span> 
     </span>
     <span class='ocr_line' id='line_1_28' title="bbox 121 2543 1126 2622; baseline -0.002 -16"><span class='ocrx_word' id='word_1_200' title='bbox 121 2549 178 2607; x_wconf 88' lang='lat' dir='ltr'><strong>iarn</strong></span> <span class='ocrx_word' id='word_1_201' title='bbox 193 2552 304 2607; x_wconf 89' lang='lat' dir='ltr'><strong>aestate</strong></span> <span class='ocrx_word' id='word_1_202' title='bbox 320 2553 522 2622; x_wconf 89' lang='lat' dir='ltr'><strong>transgressus</strong></span> <span class='ocrx_word' id='word_1_203' title='bbox 536 2544 679 2622; x_wconf 80' lang='lat' dir='ltr'><strong>Agricola</strong></span> <span class='ocrx_word' id='word_1_204' title='bbox 695 2545 818 2622; x_wconf 88' lang='lat' dir='ltr'><strong>invenit,</strong></span> <span class='ocrx_word' id='word_1_205' title='bbox 832 2562 897 2606; x_wconf 89' lang='lat' dir='ltr'><strong>eum</strong></span> <span class='ocrx_word' id='word_1_206' title='bbox 914 2553 942 2604; x_wconf 85' lang='lat' dir='ltr'><strong>et</strong></span> <span class='ocrx_word' id='word_1_207' title='bbox 957 2543 1062 2605; x_wconf 91' lang='lat' dir='ltr'><strong>milites</strong></span> <span class='ocrx_word' id='word_1_208' title='bbox 1077 2562 1126 2604; x_wconf 88' lang='lat' dir='ltr'><strong>ve·</strong></span> 
     </span>
     <span class='ocr_line' id='line_1_29' title="bbox 123 2626 1126 2707; baseline -0.003 -15"><span class='ocrx_word' id='word_1_209' title='bbox 123 2631 166 2692; x_wconf 90' lang='lat' dir='ltr'><strong>lut</strong></span> <span class='ocrx_word' id='word_1_210' title='bbox 181 2631 286 2690; x_wconf 88' lang='lat' dir='ltr'><strong>omissa</strong></span> <span class='ocrx_word' id='word_1_211' title='bbox 306 2628 495 2707; x_wconf 81' lang='lat' dir='ltr'><strong>expeditione</strong></span> <span class='ocrx_word' id='word_1_212' title='bbox 518 2627 554 2690; x_wconf 93' lang='lat' dir='ltr'><strong>ad</strong></span> <span class='ocrx_word' id='word_1_213' title='bbox 565 2630 755 2688; x_wconf 72' lang='lat' dir='ltr'><strong>securitatem</strong></span> <span class='ocrx_word' id='word_1_214' title='bbox 778 2637 806 2688; x_wconf 88' lang='lat' dir='ltr'><strong>et</strong></span> <span class='ocrx_word' id='word_1_215' title='bbox 823 2626 924 2690; x_wconf 89' lang='lat' dir='ltr'><strong>hostes</strong></span> <span class='ocrx_word' id='word_1_216' title='bbox 944 2627 980 2692; x_wconf 89' lang='lat' dir='ltr'><strong>ad</strong></span> <span class='ocrx_word' id='word_1_217' title='bbox 994 2629 1126 2690; x_wconf 90' lang='lat' dir='ltr'><strong>occasio·</strong></span> 
     </span>
     <span class='ocr_line' id='line_1_30' title="bbox 121 2711 1127 2778; baseline -0.002 -4"><span class='ocrx_word' id='word_1_218' title='bbox 121 2733 188 2775; x_wconf 90' lang='lat' dir='ltr'><strong>nem</strong></span> <span class='ocrx_word' id='word_1_219' title='bbox 209 2722 400 2774; x_wconf 86' lang='lat' dir='ltr'><strong>verterentur.</strong></span> <span class='ocrx_word' id='word_1_220' title='bbox 447 2711 620 2776; x_wconf 89' lang='lat' dir='ltr'><strong>Ordovicum</strong></span> <span class='ocrx_word' id='word_1_221' title='bbox 645 2711 745 2778; x_wconf 86' lang='lat' dir='ltr'><strong>civitas</strong></span> <span class='ocrx_word' id='word_1_222' title='bbox 770 2711 845 2773; x_wconf 88' lang='lat' dir='ltr'><strong>haud</strong></span> <span class='ocrx_word' id='word_1_223' title='bbox 868 2713 956 2775; x_wconf 89' lang='lat' dir='ltr'><strong>multo</strong></span> <span class='ocrx_word' id='word_1_224' title='bbox 986 2722 1053 2774; x_wconf 90' lang='lat' dir='ltr'><strong>ante</strong></span> <span class='ocrx_word' id='word_1_225' title='bbox 1079 2713 1127 2772; x_wconf 86' lang='lat' dir='ltr'><strong>ad·</strong></span> 
     </span>
     <span class='ocr_line' id='line_1_31' title="bbox 123 2795 1150 2876; baseline 0.002 -18"><span class='ocrx_word' id='word_1_226' title='bbox 123 2807 238 2860; x_wconf 88' lang='lat' dir='ltr'><strong>ventum</strong></span> <span class='ocrx_word' id='word_1_227' title='bbox 260 2797 321 2858; x_wconf 87' lang='lat' dir='ltr'><strong>eius</strong></span> <span class='ocrx_word' id='word_1_228' title='bbox 341 2795 414 2858; x_wconf 87' lang='lat' dir='ltr'><strong>alam</strong></span> <span class='ocrx_word' id='word_1_229' title='bbox 438 2797 467 2856; x_wconf 93' lang='lat' dir='ltr'><strong>in</strong></span> <span class='ocrx_word' id='word_1_230' title='bbox 488 2797 590 2860; x_wconf 88' lang='lat' dir='ltr'><strong>linibus</strong></span> <span class='ocrx_word' id='word_1_231' title='bbox 610 2798 670 2857; x_wconf 91' lang='lat' dir='ltr'><strong>suis</strong></span> <span class='ocrx_word' id='word_1_232' title='bbox 692 2805 825 2874; x_wconf 85' lang='lat' dir='ltr'><strong>agentem</strong></span> <span class='ocrx_word' id='word_1_233' title='bbox 847 2814 941 2876; x_wconf 90' lang='lat' dir='ltr'><strong>prope</strong></span> <span class='ocrx_word' id='word_1_234' title='bbox 965 2799 1150 2860; x_wconf 83' lang='lat' dir='ltr'><strong>universams</strong></span> 
     </span>
     <span class='ocr_line' id='line_1_32' title="bbox 124 2879 1128 2962; baseline -0.004 -20"><span class='ocrx_word' id='word_1_235' title='bbox 124 2881 299 2958; x_wconf 90' lang='lat' dir='ltr'><strong>obtriverat,</strong></span> <span class='ocrx_word' id='word_1_236' title='bbox 324 2898 419 2960; x_wconf 86' lang='lat' dir='ltr'><strong>eoque</strong></span> <span class='ocrx_word' id='word_1_237' title='bbox 439 2883 520 2943; x_wconf 90' lang='lat' dir='ltr'><strong>initio</strong></span> <span class='ocrx_word' id='word_1_238' title='bbox 536 2890 634 2942; x_wconf 88' lang='lat' dir='ltr'><strong>erecta</strong></span> <span class='ocrx_word' id='word_1_239' title='bbox 654 2880 814 2960; x_wconf 89' lang='lat' dir='ltr'><strong>provincia.</strong></span> <span class='ocrx_word' id='word_1_240' title='bbox 849 2891 878 2942; x_wconf 90' lang='lat' dir='ltr'><strong>et</strong></span> <span class='ocrx_word' id='word_1_241' title='bbox 897 2879 999 2962; x_wconf 85' lang='lat' dir='ltr'><strong>quibus</strong></span> <span class='ocrx_word' id='word_1_242' title='bbox 1020 2879 1128 2940; x_wconf 89' lang='lat' dir='ltr'><strong>bellum</strong></span> 
     </span>
     <span class='ocr_line' id='line_1_33' title="bbox 124 2962 1127 3044; baseline -0.002 -20"><span class='ocrx_word' id='word_1_243' title='bbox 124 2962 289 3026; x_wconf 90' lang='lat' dir='ltr'><strong>volentibus</strong></span> <span class='ocrx_word' id='word_1_244' title='bbox 302 2974 378 3041; x_wconf 89' lang='lat' dir='ltr'><strong>erat,</strong></span> <span class='ocrx_word' id='word_1_245' title='bbox 391 2964 516 3044; x_wconf 90' lang='lat' dir='ltr'><strong>probare</strong></span> <span class='ocrx_word' id='word_1_246' title='bbox 533 2965 695 3044; x_wconf 80' lang='lat' dir='ltr'><strong>exemplum</strong></span> <span class='ocrx_word' id='word_1_247' title='bbox 710 2981 744 3026; x_wconf 93' lang='lat' dir='ltr'><strong>ac</strong></span> <span class='ocrx_word' id='word_1_248' title='bbox 758 2967 887 3026; x_wconf 90' lang='lat' dir='ltr'><strong>recentis</strong></span> <span class='ocrx_word' id='word_1_249' title='bbox 900 2963 991 3042; x_wconf 89' lang='lat' dir='ltr'><strong>legati</strong></span> <span class='ocrx_word' id='word_1_250' title='bbox 1006 2965 1127 3024; x_wconf 89' lang='lat' dir='ltr'><strong>animum</strong></span> 
     </span>
     <span class='ocr_line' id='line_1_34' title="bbox 124 3047 1127 3128; baseline -0.003 -19"><span class='ocrx_word' id='word_1_251' title='bbox 124 3049 266 3128; x_wconf 85' lang='lat' dir='ltr'><strong>opperiri,</strong></span> <span class='ocrx_word' id='word_1_252' title='bbox 283 3067 345 3112; x_wconf 89' lang='lat' dir='ltr'><strong>oum</strong></span> <span class='ocrx_word' id='word_1_253' title='bbox 360 3048 512 3128; x_wconf 80' lang='lat' dir='ltr'><strong>Agricola,</strong></span> <span class='ocrx_word' id='word_1_254' title='bbox 535 3065 703 3128; x_wconf 84' lang='lat' dir='ltr'><strong>quamquam</strong></span> <span class='ocrx_word' id='word_1_255' title='bbox 722 3055 1014 3124; x_wconf 58' lang='lat' dir='ltr'><strong>beneventanam,</strong></span> <span class='ocrx_word' id='word_1_256' title='bbox 1032 3047 1127 3124; x_wconf 87' lang='lat' dir='ltr'><strong>sparsi</strong></span> 
     </span>
     <span class='ocr_line' id='line_1_35' title="bbox 124 3131 1128 3212; baseline -0.001 -22"><span class='ocrx_word' id='word_1_257' title='bbox 124 3149 179 3212; x_wconf 90' lang='lat' dir='ltr'><strong>per</strong></span> <span class='ocrx_word' id='word_1_258' title='bbox 192 3134 374 3211; x_wconf 85' lang='lat' dir='ltr'><strong>provinciam</strong></span> <span class='ocrx_word' id='word_1_259' title='bbox 394 3134 519 3209; x_wconf 89' lang='lat' dir='ltr'><strong>numeri,</strong></span> <span class='ocrx_word' id='word_1_260' title='bbox 543 3140 727 3212; x_wconf 87' lang='lat' dir='ltr'><strong>praesumpta</strong></span> <span class='ocrx_word' id='word_1_261' title='bbox 743 3131 820 3210; x_wconf 89' lang='lat' dir='ltr'><strong>apud</strong></span> <span class='ocrx_word' id='word_1_262' title='bbox 834 3133 951 3192; x_wconf 87' lang='lat' dir='ltr'><strong>militem</strong></span> <span class='ocrx_word' id='word_1_263' title='bbox 970 3131 1048 3190; x_wconf 86' lang='lat' dir='ltr'><strong>illius</strong></span> <span class='ocrx_word' id='word_1_264' title='bbox 1063 3131 1128 3191; x_wconf 91' lang='lat' dir='ltr'><strong>anni</strong></span> 
     </span>
     <span class='ocr_line' id='line_1_36' title="bbox 125 3214 1162 3296; baseline 0.003 -22"><span class='ocrx_word' id='word_1_265' title='bbox 125 3217 221 3296; x_wconf 83' lang='lat' dir='ltr'><strong>quies,</strong></span> <span class='ocrx_word' id='word_1_266' title='bbox 239 3214 319 3278; x_wconf 89' lang='lat' dir='ltr'><strong>tarda</strong></span> <span class='ocrx_word' id='word_1_267' title='bbox 334 3225 363 3276; x_wconf 91' lang='lat' dir='ltr'><strong>et</strong></span> <span class='ocrx_word' id='word_1_268' title='bbox 378 3217 522 3278; x_wconf 89' lang='lat' dir='ltr'><strong>contraria</strong></span> <span class='ocrx_word' id='word_1_269' title='bbox 537 3215 644 3278; x_wconf 90' lang='lat' dir='ltr'><strong>bellum</strong></span> <span class='ocrx_word' id='word_1_270' title='bbox 664 3215 851 3294; x_wconf 90' lang='lat' dir='ltr'><strong>inchoaturo,</strong></span> <span class='ocrx_word' id='word_1_271' title='bbox 868 3225 897 3275; x_wconf 89' lang='lat' dir='ltr'><strong>et</strong></span> <span class='ocrx_word' id='word_1_272' title='bbox 912 3215 1061 3296; x_wconf 86' lang='lat' dir='ltr'><strong>plerisque</strong></span> <span class='ocrx_word' id='word_1_273' title='bbox 1081 3233 1127 3275; x_wconf 91' lang='lat' dir='ltr'><strong>cu·</strong></span> <span class='ocrx_word' id='word_1_274' title='bbox 1137 3237 1162 3277; x_wconf 76' lang='lat' dir='ltr'><strong>ro</strong></span> 
     </span>
     <span class='ocr_line' id='line_1_37' title="bbox 126 3298 1127 3378; baseline -0.001 -18"><span class='ocrx_word' id='word_1_275' title='bbox 126 3299 227 3362; x_wconf 91' lang='lat' dir='ltr'><strong>stodiri</strong></span> <span class='ocrx_word' id='word_1_276' title='bbox 247 3307 384 3378; x_wconf 89' lang='lat' dir='ltr'><strong>suspecta</strong></span> <span class='ocrx_word' id='word_1_277' title='bbox 405 3301 501 3378; x_wconf 89' lang='lat' dir='ltr'><strong>potius</strong></span> <span class='ocrx_word' id='word_1_278' title='bbox 517 3299 682 3378; x_wconf 89' lang='lat' dir='ltr'><strong>videbatur,</strong></span> <span class='ocrx_word' id='word_1_279' title='bbox 702 3301 746 3359; x_wconf 89' lang='lat' dir='ltr'><strong>ire</strong></span> <span class='ocrx_word' id='word_1_280' title='bbox 762 3299 876 3360; x_wconf 89' lang='lat' dir='ltr'><strong>obviarn</strong></span> <span class='ocrx_word' id='word_1_281' title='bbox 897 3298 1052 3360; x_wconf 84' lang='lat' dir='ltr'><strong>discrimini</strong></span> <span class='ocrx_word' id='word_1_282' title='bbox 1072 3307 1127 3360; x_wconf 90' lang='lat' dir='ltr'><strong>sta·</strong></span> 
     </span>
     <span class='ocr_line' id='line_1_38' title="bbox 125 3381 1127 3464; baseline -0.003 -21"><span class='ocrx_word' id='word_1_283' title='bbox 125 3383 191 3453; x_wconf 87' lang='lat' dir='ltr'><strong>tnlt;</strong></span> <span class='ocrx_word' id='word_1_284' title='bbox 219 3383 432 3464; x_wconf 87' lang='lat' dir='ltr'><strong>contractisque</strong></span> <span class='ocrx_word' id='word_1_285' title='bbox 457 3384 605 3461; x_wconf 88' lang='lat' dir='ltr'><strong>legionum</strong></span> <span class='ocrx_word' id='word_1_286' title='bbox 627 3383 743 3444; x_wconf 85' lang='lat' dir='ltr'><strong>vexillis</strong></span> <span class='ocrx_word' id='word_1_287' title='bbox 763 3392 792 3442; x_wconf 89' lang='lat' dir='ltr'><strong>et</strong></span> <span class='ocrx_word' id='word_1_288' title='bbox 816 3381 930 3444; x_wconf 89' lang='lat' dir='ltr'><strong>modica</strong></span> <span class='ocrx_word' id='word_1_289' title='bbox 956 3384 1127 3444; x_wconf 84' lang='lat' dir='ltr'><strong>auxiliorum</strong></span> 
     </span>
     <span class='ocr_line' id='line_1_39' title="bbox 125 3465 1127 3548; baseline -0.003 -22"><span class='ocrx_word' id='word_1_290' title='bbox 125 3485 225 3544; x_wconf 88' lang='lat' dir='ltr'><strong>manu,</strong></span> <span class='ocrx_word' id='word_1_291' title='bbox 253 3468 328 3546; x_wconf 63' lang='lat' dir='ltr'><strong>quia,</strong></span> <span class='ocrx_word' id='word_1_292' title='bbox 344 3469 373 3527; x_wconf 92' lang='lat' dir='ltr'><strong>in</strong></span> <span class='ocrx_word' id='word_1_293' title='bbox 397 3485 520 3548; x_wconf 87' lang='lat' dir='ltr'><strong>aequum</strong></span> <span class='ocrx_word' id='word_1_294' title='bbox 546 3467 668 3546; x_wconf 86' lang='lat' dir='ltr'><strong>degredi</strong></span> <span class='ocrx_word' id='word_1_295' title='bbox 697 3465 857 3540; x_wconf 83' lang='lat' dir='ltr'><strong>Ordovices</strong></span> <span class='ocrx_word' id='word_1_296' title='bbox 888 3485 945 3528; x_wconf 89' lang='lat' dir='ltr'><strong>non</strong></span> <span class='ocrx_word' id='word_1_297' title='bbox 973 3465 1127 3539; x_wconf 88' lang='lat' dir='ltr'><strong>audebant,</strong></span> 
     </span>
    </p>
   </div>
   <div class='ocr_carea' id='block_1_3' title="bbox 0 0 1302 3900">
    <p class='ocr_par' dir='ltr' id='par_1_5' title="bbox 0 0 1302 3900">
     <span class='ocr_line' id='line_1_40' title="bbox 0 0 1302 3900; baseline 0 0"><span class='ocrx_word' id='word_1_298' title='bbox 0 0 1302 3900; x_wconf 95' lang='lat' dir='ltr'><strong> </strong></span> 
     </span>
    </p>
   </div>
  </div>
 </body>
</html>
