2580 3900
175 147 238 210 tto
417 155 932 208 conuuarrnncrrraomoouun

238 316 268 373 t.
292 312 425 391 Sequens
438 329 529 374 annus
546 312 629 389 gravi
648 311 769 372 volnere
787 310 907 372 animum
924 309 1097 388 domumque
1113 311 1175 372 eius

159 396 295 462 ’addixit
327 413 390 457 uam
413 395 518 456 classis
536 393 697 456 Othoniana
719 395 842 456 licenter
864 408 939 472 vaga
964 393 1030 454 dum
1050 389 1174 454 Inteme-

175 482 232 541 lioo
248 479 397 560 (Liguriae
414 495 482 558 pars
497 481 558 558 est)
574 478 719 539 hostiliter
733 478 903 558 populatur,
919 487 1039 539 matrem
1054 479 1175 554 Agrico·

174 565 222 626 lae
243 565 272 623 in
292 563 420 643 praediis
443 564 502 622 suis
524 563 684 640 interiecit,
709 561 887 641 praediaque
907 563 971 640 ipsa
992 569 1022 622 et
1041 577 1175 640 magnam

150 647 339 728 epatrimonii
355 655 465 726 partem
486 647 618 726 diripuit,
643 663 717 725 quae
734 665 820 706 causa
838 645 937 706 caedis
953 646 1056 706 iuerat.
1087 647 1176 723 igitur

175 731 212 793 ad
230 730 381 790 sollemnia
404 731 519 808 pietatis
536 729 684 808 proiectus
704 729 863 808 Agricola,
886 729 982 790 nuntio
1004 728 1142 790 adfectati
1161 747 1176 788 a

175 814 359 892 Vespasiano
380 813 495 892 imperii
515 813 714 892 deprehensus
736 829 771 874 ac
794 815 887 874 statim
909 814 938 872 in
961 822 1061 892 partes
1081 822 1175 872 treas·

176 915 296 976 gressus
312 905 366 956 est.
397 898 475 958 initia
490 897 667 976 principatus
689 915 725 958 ac
742 905 844 957 statum
863 896 944 957 urbis
959 897 1109 958 Mucianus
1128 915 1175 956 re·

175 981 282 1060 gebat,
307 983 413 1040 iurene
437 981 587 1041 admodum
612 981 774 1042 Domitiano
799 990 829 1041 et
855 999 892 1041 ex
915 990 1035 1058 paterna
1060 979 1175 1041 fortuna

142 1081 166 1124 to
178 1073 284 1126 tantum
301 1064 445 1125 licentiam
463 1073 631 1144 usurpante.
658 1067 683 1124 is
704 1065 820 1126 missum
842 1063 878 1125 ad
899 1064 1023 1125 dilectus
1043 1063 1175 1142 agendos

176 1148 346 1226 Agricolam
368 1150 542 1228 integreque
567 1159 604 1208 ac
627 1157 742 1208 strenue
763 1157 910 1210 versatum
932 1148 1110 1208 vicensimae
1134 1148 1175 1207 le·

176 1233 255 1310 gioni
271 1231 354 1290 tarde
370 1232 406 1291 ad
421 1240 630 1292 sacramentnm
646 1240 849 1309 transgressae
863 1233 1042 1312 praeposuit,
1058 1231 1107 1291 ubi
1126 1231 1174 1291 de·

177 1332 280 1376 cessor
306 1314 447 1375 seditiose
473 1333 563 1393 agere
587 1315 771 1376 narrabatur:
799 1317 907 1396 quippe
930 1317 1035 1394 legatis
1057 1330 1176 1395 quoque

178 1397 378 1460 consularibus
393 1399 478 1459 nimia
499 1416 534 1464 ac
551 1397 739 1460 formidolosa
758 1409 837 1478 erat,
857 1417 913 1460 nec
928 1400 1042 1478 legatus
1058 1409 1175 1478 praeto·

141 1504 166 1546 aa
176 1484 234 1544 rius
250 1482 286 1542 ad
303 1482 493 1543 cohibendum
509 1491 629 1562 potens,
644 1485 783 1544 incertum
796 1499 850 1544 suo
865 1502 900 1544 an
914 1485 1032 1543 militum
1047 1483 1176 1560 ingenio.

176 1569 214 1628 ita
234 1583 391 1640 successor
411 1568 493 1627 simul
520 1576 548 1626 et
573 1567 649 1628 ultor
671 1568 783 1628 electus
806 1568 949 1628 rarissima
977 1567 1177 1626 moderatione

175 1651 275 1710 maluit
290 1649 382 1708 videri
398 1651 544 1710 invenisse
561 1649 655 1710 bonos
670 1669 754 1728 quam
770 1651 888 1711 iecisse.

239 1731 268 1792 8.
298 1732 437 1793 Praeerat
457 1742 525 1794 tunc
543 1732 706 1794 Britannias
730 1736 844 1795 Vettius
864 1735 1009 1810 Bolanus,
1032 1734 1177 1813 placidius

178 1834 261 1896 quam
276 1818 370 1876 feroci
386 1817 535 1896 provincia
552 1817 667 1894 dignum
685 1828 739 1878 est.
774 1819 947 1898 temporavit
961 1818 1104 1896 Agricola
1120 1819 1177 1880 vim

177 1917 257 1961 suem
272 1899 463 1980 ardoremque
483 1903 677 1981 compescuit,
694 1919 730 1962 ne
747 1903 942 1979 incresceret,
964 1902 1075 1982 peritus
1090 1902 1177 1962 obse·

177 1986 224 2064 qui
249 1985 434 2062 eruditumque
458 1985 536 2046 utilia
557 1985 687 2046 honestis
710 1987 845 2046 miscere.
881 1986 964 2046 brevi
986 1986 1089 2046 deiude
1115 1985 1166 2046 Bri

69 2089 72 2096 ¹
153 2070 272 2128 starola
289 2069 470 2129 consularem
484 2069 613 2129 Petilium
629 2067 773 2130 Cerialem
789 2072 914 2150 accepit.
945 2069 1106 2132 habuerunt
1120 2071 1178 2128 uir-

176 2161 252 2212 tutes
272 2153 394 2232 spatium
410 2153 624 2231 exemplorum,
640 2152 692 2214 sed
705 2154 799 2232 primo
818 2152 940 2214 Cerialis
956 2154 1073 2214 labores
1089 2153 1177 2213 modo

178 2244 207 2295 et
224 2235 403 2312 discrimina,
428 2253 496 2295 mox
517 2245 546 2296 et
567 2237 691 2314 gloriam
712 2237 967 2299 communicabam·
986 2255 1076 2317 saepe
1101 2238 1178 2315 parti

177 2319 325 2378 exercitus
352 2319 380 2378 in
402 2320 647 2400 experimentum,
671 2320 825 2398 aliquando
846 2321 1003 2382 maioribus
1024 2322 1120 2399 copiis
1140 2339 1178 2380 ox

178 2411 283 2463 eventu
299 2403 449 2481 praefecit.
479 2421 537 2463 nec
555 2403 697 2481 Agricola
713 2421 845 2484 umquam
865 2406 893 2464 in
910 2423 989 2468 suam
1002 2404 1106 2465 famam
1125 2421 1177 2482 ge·

143 2488 229 2546 aostis
245 2487 415 2548 exsultavit:
439 2487 476 2549 ad
497 2497 643 2549 auctorem
661 2506 695 2549 ao
716 2488 818 2550 ducem
840 2497 870 2548 ut
889 2491 1018 2550 minister
1035 2491 1178 2550 fortunam

176 2570 333 2631 referebat.
366 2573 405 2631 ita
426 2571 531 2632 virtute
545 2574 574 2632 in
598 2571 803 2651 obsequendo,
825 2573 1002 2634 verecundia
1019 2573 1048 2633 irr
1062 2573 1177 2652 praedi·

178 2652 270 2713 cando
290 2661 371 2713 extra
386 2655 519 2716 invidiam
534 2675 591 2715 nee
608 2665 689 2716 extra
705 2657 829 2734 gloriam
847 2666 918 2717 orat.

238 2738 268 2798 9.
290 2737 496 2798 Revertentem
518 2739 553 2798 ab
570 2740 717 2817 legatione
732 2740 856 2817 legionis
878 2741 960 2800 diuus
977 2741 1179 2821 Vespasianus

175 2821 251 2880 inter
264 2822 402 2900 patricios
414 2821 548 2893 adsensio
564 2842 599 2884 ao
611 2823 716 2884 deinde
729 2825 897 2902 provinciae
908 2824 1081 2903 Aquitaniae
1093 2843 1178 2903 prae·

175 2905 286 2984 posuit,
311 2904 481 2983 splendidae
501 2908 629 2985 inprimis
645 2905 784 2984 dignitate
799 2908 1050 2970 administrationis
1067 2927 1103 2968 ao
1124 2927 1179 2986 spe

176 2988 359 3064 consulatus,
382 2992 428 3050 oui
448 2991 612 3052 destinarat.
649 2990 768 3052 creduut
792 2993 926 3072 plerique
946 2991 1114 3054 militaribus
1138 2994 1178 3050 in-

153 3073 272 3149 ageniis
288 3071 474 3136 subtilitatem
491 3075 613 3153 deesse,
636 3076 702 3155 qnia
719 3078 874 3136 castrensis
890 3076 1050 3137 iurisdictio
1073 3093 1178 3135 secura

177 3165 206 3216 et
223 3155 356 3216 obtusior
375 3175 412 3218 ac
432 3160 513 3238 plura
531 3177 614 3220 manu
630 3177 726 3237 agens
739 3159 923 3220 calliditatem
940 3160 998 3220 lori
1020 3178 1077 3221 non
1093 3177 1178 3220 exer-

177 3248 251 3300 ceat.
282 3239 422 3317 Agricola
436 3243 557 3305 naturali
574 3243 735 3322 prudentia,
751 3245 880 3324 quamvis
896 3245 971 3306 inter
984 3252 1119 3322 togatos,
1135 3243 1178 3302 ia·

70 3351 73 3358 ·
160 3323 232 3406 teile
249 3323 381 3402 iusteque
399 3327 514 3405 agebat.
548 3328 603 3388 iam
629 3344 701 3387 vero
723 3335 853 3404 tempora
877 3345 1007 3388 curarum
1028 3327 1177 3386 remissio·

174 3423 298 3485 numque
315 3405 423 3472 divisa:
450 3411 498 3471 ubi
515 3418 673 3471 conventus
698 3427 732 3470 ac
750 3409 854 3469 iudicia
869 3421 1043 3490 poscerent,
1066 3411 1178 3488 gravis,
