2580 3900
481 246 556 294 oar.
576 245 695 299 es—so.
1027 238 1085 298 211

86 404 148 464 cria
166 401 298 462 animalia
315 401 486 480 plerumque
502 401 689 480 interlucent,
714 421 788 483 quae
806 404 953 484 implicata
969 406 1088 469 lrumore

85 503 155 547 mox
173 486 345 546 durescente
360 487 479 546 materia
495 485 654 547 cluduntur.
683 487 854 550 lecundiora
870 489 958 567 igitur
972 507 1088 551 nemora

87 571 249 650 lucosque,
276 569 352 629 sicut
372 570 492 630 orientis
511 573 652 648 secretis,
679 571 727 632 ubi
748 580 811 632 tura
833 570 1019 652 balsamaque
1043 592 1088 632 su·

87 656 205 730 dantur,
234 653 273 712 ita
296 653 457 714 occidentis
481 651 584 714 insulis
605 657 748 734 terrisque
774 657 872 717 inesse
901 657 1087 726 crediderim

87 755 162 818 quae
178 737 265 796 vicini
281 737 352 798 solis
367 736 454 797 radiis
472 755 612 816 expressa
627 747 713 819 atque
729 739 865 817 liquentia
881 741 910 800 iu
927 742 1123 821 proximumat

86 840 166 882 mare
182 819 315 880 labuntur
329 839 365 882 ac
382 822 411 879 vi
429 830 630 901 tempestatum
648 824 676 882 iu
691 822 813 884 adversa
831 824 916 885 litora
934 825 1087 885 exundant.

87 909 111 965 si
128 914 256 966 naturam
275 905 365 964 sucini
380 906 494 966 admoto
511 906 570 982 igni
585 915 726 986 temptes,
748 908 777 966 in
793 906 907 968 modum
925 909 1028 970 taedae
1041 927 1088 969 ac·

90 989 220 1052 cenditur
235 988 343 1065 alitque
357 988 495 1050 dammam
513 991 650 1069 pinguem
665 999 694 1050 et
712 991 853 1061 olentem;
872 1008 941 1052 mox
958 1001 988 1051 ut
1003 993 1031 1052 in
1047 995 1088 1073 pi·
1180 1043 1184 1052 .

89 1091 153 1134 cem
171 1073 333 1132 resinamve
348 1073 493 1133 lentescit.

152 1155 307 1216 Suionibus
323 1155 472 1216 Sithonuuu
490 1166 595 1234 gentes
614 1160 824 1219 continuantur.
858 1169 956 1220 cetera
979 1160 1123 1221 similesne

88 1259 146 1300 uno
162 1240 295 1301 differunt
314 1239 392 1319 quod
412 1240 519 1302 lemica
536 1240 712 1303 dominatur:
733 1244 761 1301 in
776 1252 883 1304 tanturn
898 1261 956 1304 non
971 1245 1056 1305 modo
1073 1263 1089 1304 a

90 1326 223 1386 libertate
240 1322 392 1384 sedetiam
411 1326 581 1400 aservitute
596 1325 786 1403 degenerant.

150 1408 202 1469 46.
221 1406 274 1467 llic
288 1409 413 1470 Suebiae
425 1409 499 1469 lluis.
524 1408 716 1469 Peucinorum
726 1412 962 1491 Venetorumque
975 1421 1003 1471 et
1014 1411 1087 1472 Fen·

88 1510 190 1572 norum
200 1492 333 1551 nationes
346 1491 495 1553 Germanis
507 1510 542 1552 an
552 1493 688 1552 Sarmatis
699 1492 859 1554 adscribam
871 1494 980 1572 dubito,
993 1513 1088 1573 quarn·

89 1595 173 1656 quam
188 1575 315 1650 Perenni,
334 1593 407 1653 quos
420 1574 532 1655 quidam
542 1574 697 1637 Bastarnas
713 1587 835 1656 vocant,
851 1597 983 1638 sermone
1001 1577 1088 1654 cultu,

89 1660 161 1721 sede
179 1678 213 1721 ac
228 1659 380 1719 domiciliis
396 1668 427 1719 ut
442 1659 576 1720 Germani
592 1669 688 1737 agunt.
719 1661 823 1722 sordes
841 1663 965 1722 omnium
981 1679 1016 1722 ac
1029 1672 1087 1722 tot·

90 1763 146 1826 por
159 1760 331 1824 procerum;
355 1742 486 1804 conubiis
501 1745 597 1804 mixtis
614 1743 742 1805 nonnihil
758 1747 785 1804 iu
800 1747 992 1808 Sarmatarum
1008 1746 1110 1806 habi-s

89 1839 146 1890 tum
167 1827 328 1888 foedantur.
363 1829 469 1888 Veneti
490 1828 606 1889 multum
631 1847 668 1888 ex
685 1827 813 1890 moribus
833 1839 998 1899 traxerunt;
1024 1848 1089 1891 uam

89 1910 228 1992 quidquid
242 1912 315 1971 inter
329 1910 473 1971 Peucinos
487 1911 662 1991 Fennosque
678 1913 813 1974 silvarum
829 1933 865 1974 ac
879 1913 1015 1974 montium
1033 1915 1087 1974 eri-

88 1998 165 2073 gitur
187 1993 346 2054 latrociniis
362 2004 524 2072 pererrant.
554 1996 584 2054 hi
604 2005 697 2056 tamen
715 1997 788 2057 inter
809 1997 968 2058 Germanos
991 1998 1089 2077 potius

88 2080 269 2155 referuntur,
292 2077 357 2155 quia
379 2087 408 2136 et
430 2077 530 2139 domos
548 2080 639 2156 ligunt
654 2089 683 2138 et
698 2089 781 2140 scuta
801 2090 916 2158 gestant
938 2089 967 2140 et
985 2080 1088 2160 pedum

89 2182 142 2224 usu
157 2181 192 2223 ac
203 2162 376 2240 pernicitate
388 2162 528 2240 gaudent:
548 2180 622 2242 quae
638 2166 730 2224 omnia
743 2163 858 2224 diversa
873 2165 1010 2225 Sarmatis
1025 2173 1123 2224 sunto

89 2252 117 2307 in
138 2245 268 2325 plaustro
291 2263 427 2325 equoque
445 2247 618 2306 viventibus.
649 2247 756 2308 Fennis
773 2249 843 2309 mira
863 2248 978 2327 leuitas,
1001 2247 1088 2310 foeda
1133 2322 1135 2326 Ι

90 2338 261 2412 paupertas:
277 2347 335 2389 non
349 2349 444 2408 arma,
466 2331 620 2410 conequi,
642 2349 700 2391 non
715 2341 852 2412 penatea;
877 2333 965 2393 victui
986 2332 1088 2409 herba,

90 2416 205 2476 vestitui
221 2412 334 2491 pelles,
351 2413 446 2474 cubile
460 2413 576 2475 humus:
598 2415 662 2476 sola
678 2418 708 2475 iu
723 2417 836 2494 sagittis
853 2434 940 2496 spes,
961 2434 1032 2494 quas
1049 2418 1088 2476 in·

89 2501 158 2576 opin
173 2497 244 2556 ferri
257 2495 373 2556 ossibus
387 2506 532 2574 asperant.
555 2497 688 2576 idemque
702 2508 824 2558 uenatus
837 2499 918 2559 viros
932 2501 1039 2577 paritor
1054 2519 1089 2560 ac

89 2582 212 2643 feminus
227 2580 291 2650 alit;
311 2581 417 2659 passim
434 2580 508 2640 enim
525 2583 694 2642 comitantur
709 2589 878 2661 partemque
895 2581 1021 2663 praedae
1037 2602 1086 2664 pe·
1097 2599 1122 2642 rs

90 2675 160 2726 tunt.
201 2677 260 2725 nec
287 2663 363 2724 aliud
391 2663 545 2724 inlautibus
572 2665 697 2725 letarum
722 2665 909 2747 imbriumque
936 2668 1088 2746 suffugium

91 2767 174 2829 quam
190 2757 222 2810 ut
237 2749 264 2807 in
284 2749 382 2828 aliquo
402 2766 544 2810 ramorum
561 2767 640 2810 nexu
663 2758 868 2829 contegantur:
892 2750 948 2811 huc
968 2753 1089 2812 redeunt

90 2837 225 2909 iuuenes,
256 2833 314 2893 hoc
335 2850 435 2894 senum
455 2834 682 2912 receptaculum.
711 2835 764 2894 sed
784 2834 895 2896 beatius
916 2834 1087 2896 arbitrantur

91 2935 175 2995 quam
189 2920 337 2992 ingemere
357 2919 450 2996 agris,
475 2917 640 2979 inlaborare
661 2919 807 2997 domibus,
830 2937 896 2981 suaa
918 2919 1087 2998 alienasque

91 3003 219 3060 fortanus
235 3018 288 3081 spe
303 3009 436 3080 metuque
452 3019 587 3063 uersare:
608 3005 703 3063 securi
718 3002 856 3064 adversus
870 3003 1016 3080 homines,
1040 3021 1084 3062 se·
1097 3026 1121 3066 aa

92 3085 151 3144 curi
172 3085 313 3145 adversus
334 3085 406 3146 deos
426 3103 488 3146 rem
510 3085 706 3146 difficillimam
726 3087 854 3148 adsecuti
874 3095 952 3160 sunt,
981 3094 1010 3144 ut
1031 3085 1087 3145 illis

91 3187 128 3228 ne
143 3177 213 3230 uoto
229 3166 344 3246 quidem
366 3187 439 3248 opus
454 3170 500 3230 sit.
528 3178 628 3230 cetera
648 3170 704 3229 iam
718 3168 867 3240 fabulosa:
890 3169 1037 3230 Hellusios
1059 3179 1088 3229 et

92 3253 220 3313 Oxionas
233 3269 284 3312 ora
296 3251 439 3312 hominum
450 3253 614 3334 voltusque,
633 3270 757 3334 corpora
774 3264 859 3334 atque
874 3261 950 3314 artus
962 3251 1087 3315 ferarum

92 3355 213 3413 gerere:
236 3335 312 3414 quod
329 3353 386 3414 ego
402 3345 432 3397 ut
446 3339 698 3417 incompertum-in
712 3337 806 3397 medio
822 3337 991 3414 relinquam.

856 3587 917 3647 14*
975 3593 978 3599 '
