2580 3900
94 189 97 194 ·
160 175 221 236 222
404 186 920 235 oonnnn11uuc1r1aenrooncu

160 345 225 422 ipse
247 349 313 402 ante
329 359 450 419 agmen,
474 358 531 418 quo
553 342 659 401 ceteris
676 359 728 420 par
746 341 854 400 animus
870 342 954 400 simili
968 343 1100 419 periculo
1119 363 1164 406 es-

127 445 151 484 ιι
161 435 225 503 set,
240 426 335 486 erexit
349 426 450 486 aciem.
475 440 620 503 caesaque
634 441 728 504 prope
742 424 876 485 universa
891 434 994 502 gente,
1010 444 1068 486 non
1083 429 1164 504 igna-

160 528 208 570 rus
231 510 389 586 instandum
414 510 507 568 lamae
529 525 580 584 ac,
603 517 690 586 prout
710 509 799 586 prima
823 509 998 587 cessissent,
1020 519 1164 571 terrorem

162 595 268 654 ceteris
284 594 366 668 lore,
383 591 497 653 lionam
511 591 648 669 insulam,
666 609 687 650 o
700 593 779 651 cuius
795 593 983 670 possessione
994 603 1165 655 reuocatum

160 678 305 738 Paulinum
326 675 488 738 rebellione
510 677 597 734 totius
614 674 777 736 Britanniae
798 681 1073 756 supramemoravi,
1089 678 1165 739 redi·
1256 703 1268 729 r

161 779 233 840 gere
256 762 284 820 in
310 767 484 841 potestatem
507 760 600 819 animo
623 758 750 819 intendit.
787 759 838 819 sed
861 768 890 819 ut
911 760 1050 821 indubiis
1070 764 1165 822 consi-

127 847 208 920 soliis
225 861 315 904 naves
333 843 466 904 deerant:
496 845 569 902 ratio
591 851 620 902 et
641 845 801 903 constantia
816 843 898 904 ducis
915 837 1084 904 tran'srsxit.
1116 847 1164 905 dc-

163 930 265 1008 positis
280 927 410 987 omnibus
426 926 547 986 sarcinis
565 927 739 986 lectissimos
760 927 957 1004 auxiliarium,
977 928 1080 1006 quibus
1097 939 1164 991 uota

161 1012 234 1074 vada
249 1020 279 1071 et
295 1013 404 1090 patrius
417 1010 500 1070 nandi
515 1029 599 1088 usus,
617 1028 675 1089 quo
690 1011 774 1071 simul
784 1024 876 1090 'seque
892 1021 920 1071 et
935 1030 1013 1072 arma
1028 1021 1057 1072 et
1072 1031 1166 1093 equos

161 1105 281 1173 regunt,
297 1097 335 1156 ita
350 1102 472 1173 repente
487 1096 607 1171 inmisit,
627 1103 657 1153 ut
673 1094 868 1173 obstupefacti
884 1094 999 1173 hostes,
1022 1097 1071 1174 qul
1091 1097 1166 1156 clas·

164 1198 240 1256 sem,
256 1180 420 1258 quinatis,
444 1181 491 1260 qui
512 1195 592 1238 mare
609 1177 820 1257 expectabant,
839 1178 909 1239 nihil
926 1180 1043 1240 arduum
1060 1190 1108 1240 aut
1126 1183 1165 1239 in-

129 1267 270 1323 revictum
285 1261 459 1323 crediderint
473 1262 516 1322 sic
530 1262 565 1322 ad
582 1261 689 1322 bellum
705 1261 895 1322 venientibus.
925 1264 963 1323 itn
981 1265 1072 1344 petita
1091 1282 1165 1342 pace

163 1366 197 1409 ac
216 1345 311 1408 dedita
332 1345 426 1412 insula
449 1345 545 1406 clarus
568 1363 603 1407 ac
625 1363 745 1423 magnus
764 1344 866 1406 baberi
880 1345 1038 1425 Agricola,
1057 1350 1166 1427 qnippe

163 1435 208 1492 cui
223 1433 396 1510 ingredienti
412 1429 604 1509 prouinciam,
625 1429 702 1509 quod
724 1438 837 1508 tempus
862 1430 910 1491 alii
926 1449 979 1509 per
996 1433 1166 1492 ostentatio·

162 1535 226 1577 nem
252 1523 281 1576 et
301 1515 463 1576 officiorum
485 1515 619 1575 ambitum
639 1515 817 1591 transigunt,
844 1513 929 1574 labor
954 1524 983 1574 et
1007 1516 1166 1596 periculum

163 1599 330 1680 placuisset.
377 1617 434 1659 uec
456 1598 597 1675 Agricola
620 1598 823 1676 prosperitate·
841 1616 936 1658 rerum
964 1600 1168 1660 insanitatem

129 1703 153 1744 ao
166 1701 248 1760 usus,
268 1682 482 1761 expeditionem
498 1692 545 1742 aut
557 1683 707 1742 victoriam
722 1680 847 1742 vocabat
861 1683 954 1741 victos
972 1685 1166 1751 continuisse;

163 1787 199 1827 ne
219 1768 356 1828 laureatis
379 1765 492 1845 quidem
512 1775 597 1843 gesta
616 1772 789 1846 prosecutus
811 1775 871 1844 est,
888 1765 940 1824 sed
957 1767 1021 1844 ipsa
1036 1767 1168 1826 dissimu-

163 1852 269 1912 latione
287 1851 380 1910 lamae
401 1850 503 1911 lamam
524 1850 616 1928 auxit,
640 1849 855 1909 aestimantibus
876 1858 980 1928 quanta
1006 1851 1091 1910 iuturi
1113 1869 1169 1928 spe

164 1945 220 1995 tam
238 1951 342 2011 magna
360 1935 508 1998 tacuisset.
689 1951 692 1958 ⁴

228 2017 276 2078 19.
304 2015 438 2078 ceterum
469 2017 625 2077 animorum
657 2018 825 2096 provinciae
854 2015 994 2097 prudens,
1027 2018 1169 2096 simulque

163 2102 266 2164 doctos
288 2120 343 2180 per
364 2102 459 2161 aliena
482 2103 680 2180 experimenta
701 2119 799 2180 parum
814 2101 917 2180 prollci
933 2101 1033 2179 armis,
1056 2103 1081 2160 si
1097 2103 1168 2182 iniu-

163 2189 223 2246 riae
254 2195 461 2262 sequerentur,
485 2202 587 2245 causas
608 2184 751 2245 bellorum
780 2186 877 2245 statuit
904 2185 1050 2245 excidere.
1091 2205 1108 2246 a
1136 2204 1169 2246 se

164 2271 282 2347 suisque
306 2285 390 2328 orsus
411 2270 531 2348 primum
555 2268 668 2328 domum
691 2285 770 2330 suam
792 2271 939 2347 coercuit,
962 2269 1039 2348 quod
1063 2268 1168 2350 pleris-

141 2371 220 2432 sque
237 2351 312 2413 haud
333 2353 425 2412 minus
447 2353 563 2413 arduom
585 2360 630 2412 est
656 2371 738 2431 qnam
756 2354 932 2431 provinciam
951 2371 1067 2430 regere.
1100 2353 1168 2412 nihil

165 2456 218 2518 per
233 2436 354 2520 libertos
371 2453 533 2517 servosque
549 2435 683 2516 publicae
706 2437 766 2514 rei,
787 2455 847 2496 uon
862 2436 962 2497 studiis
977 2438 1097 2515 privatis
1113 2455 1169 2496 uec

165 2541 202 2580 ex
219 2521 466 2594 commendatione
482 2530 529 2580 aut
544 2520 681 2600 precibus
697 2523 893 2581 centurionem
903 2519 1048 2581 militesve
1061 2523 1169 2598 ascire,

165 2603 217 2664 sed
235 2606 371 2682 optimum
394 2623 537 2683 quemque
558 2604 724 2666 fidissimum
743 2614 853 2684 putare.
889 2605 982 2666 omnia
997 2605 1088 2682 scire,
1111 2623 1170 2665 uon

166 2689 259 2748 omnia
279 2690 410 2767 exsequi.
443 2689 542 2767 parvis
561 2690 692 2768 peccatis
707 2690 835 2766 veniam,
852 2690 963 2766 magnis
981 2690 1170 2749 severitatem

131 2770 364 2842 recommodare;
397 2790 453 2833 nac
479 2789 573 2852 poena
599 2789 733 2850 semper,
766 2772 818 2832 sed
848 2774 964 2852 saepius
992 2774 1170 2852 paenitentia

166 2865 317 2917 contentus
333 2872 416 2925 esse;
434 2857 539 2916 officiis
556 2864 584 2916 et
602 2856 894 2917 administrationibus
912 2857 1008 2937 potius
1026 2873 1084 2915 non
1099 2874 1169 2935 pec·

166 2951 282 3001 cetoros
305 2957 507 3020 praeponere,
529 2958 612 3019 quam
635 2940 768 3000 damnare
792 2959 856 3000 cum
881 2948 1067 3020 peccassent.
1109 2941 1169 3000 fru-

164 3025 251 3085 menti
266 3024 477 3104 attributorum
493 3026 674 3086 exactionem
690 3025 862 3104 aequalitate
877 3043 1024 3086 munerum
1042 3023 1169 3100 mollire,

166 3109 344 3170 circumcisis
367 3127 440 3188 quae
462 3111 490 3168 in
519 3118 668 3187 quaestum
687 3117 804 3188 reperta
830 3109 894 3188 ipso
922 3109 1029 3169 tributo
1046 3109 1171 3186 gravius
1272 3141 1273 3176 ι

134 3193 374 3254 sstulerabantur.
408 3211 531 3272 namque
552 3212 606 3272 per
628 3193 780 3254 ludibrium
804 3193 939 3253 adsidere
967 3193 1074 3253 clausis
1102 3187 1170 3251 ho‘r·

165 3278 223 3336 reis
253 3287 282 3336 et
306 3295 405 3338 emere
429 3278 504 3339 ultro
532 3278 673 3338 frumenta
697 3297 732 3338 ac
756 3277 839 3336 luere
860 3278 954 3355 pretio
978 3274 1169 3352 cogebantur.

166 3360 298 3420 devortla
333 3362 464 3422 itinerum
501 3370 530 3422 et
563 3362 758 3440 longinquitas
795 3362 944 3437 regionum
979 3357 1170 3434 indicebatur,

165 3453 195 3504 ut
217 3443 348 3504 ciuitates
376 3447 517 3523 proximis
540 3445 669 3506 hibernis
696 3448 724 3504 in
746 3453 856 3504 remota
885 3453 914 3502 et
935 3443 998 3503 avia
1020 3442 1172 3502 deferrent
