2580 3900
179 257 238 318 196
413 263 577 311 cocuntur
593 265 710 313 uncrrr
728 266 933 314 auunculus

155 424 310 499 tviucrre,
329 438 366 481 ne
383 420 539 482 verberare
559 422 673 501 quidem
696 421 750 481 nisi
772 420 973 482 sacerdotibus
995 423 1176 498 permissum,

177 525 235 568 non
252 507 333 587 quasi
349 506 378 564 iu
394 523 516 586 poenam
532 523 587 565 nec
608 504 690 565 ducis
715 506 808 582 iussu,
832 503 884 564 sed
904 504 984 566 velut
1008 502 1064 564 deo
1088 507 1176 585 impe·

177 599 275 667 rante,
291 606 375 669 quem
390 590 495 650 adesse
511 588 685 650 bellantibus
702 589 830 648 credunt.
858 589 1033 668 effigiesque
1049 599 1080 648 et
1095 591 1177 666 sigua

162 673 316 756 {quaedam
338 672 467 735 detracta
489 673 563 734 lueis
583 673 612 732 in
635 672 776 750 proelium
799 672 909 744 ierunt;
936 671 1072 752 quodque
1093 692 1176 752 prac-

177 761 292 837 eipuum
306 756 480 818 fortitudinis
498 757 709 818 incitamentum
731 763 793 834 est,
815 775 872 817 uou
895 775 979 817 casus
1000 771 1096 834 neque
1118 758 1177 816 ior·

143 859 168 900 ro
178 844 247 904 tulta
264 838 454 918 conglobatio
470 849 590 902 turmam
604 849 652 902 aut
672 858 792 900 cuneum
812 840 897 918 facit,
924 840 975 900 sed
998 840 1123 900 familiae
1149 851 1178 900 et

177 926 423 1005 propinquitates:
454 925 535 984 etin
563 926 697 1004 proximo
727 926 868 1004 pignora,
903 924 978 984 unde
1010 924 1177 984 feminarum

177 1010 300 1071 ululatus
323 1009 428 1087 audiri,
455 1009 529 1069 uude
554 1011 667 1086 vagitus
690 1008 845 1069 infantium.
884 1009 912 1069 hi
936 1009 1038 1088 cuique
1057 1011 1176 1084 sanctis·

23 1161 27 1168 ,
178 1095 241 1154 simi
257 1101 364 1170 testes,
387 1093 415 1153 hi
437 1094 552 1154 maximi
572 1093 752 1154 laudatores:
775 1093 812 1153 ad
834 1102 957 1172 matres,
979 1093 1014 1154 ad
1038 1093 1178 1172 coniuges

155 1199 161 1247 n
178 1177 300 1238 volnera
316 1177 426 1246 ierunt;
442 1194 499 1236 nec
513 1177 580 1237 illae
593 1193 744 1238 numerare
756 1186 804 1237 aut
814 1177 936 1256 exigere
947 1177 1050 1255 plagas
1060 1187 1178 1256 pavent,

145 1281 168 1322 rs
181 1260 322 1340 cibosque
337 1269 367 1320 et
381 1260 541 1321 hortamina
556 1259 749 1341 pugnantibus
765 1268 891 1339 gestant.

241 1345 271 1408 8.
294 1345 453 1406 Memoriae
476 1344 609 1424 proditur
629 1345 765 1424 quasdam
795 1345 874 1405 acies
900 1345 1050 1405 inclinatas
1071 1345 1127 1404 iam
1150 1354 1179 1404 et

10 1463 24 1522 '.
85 1495 86 1498 ,
179 1428 311 1491 labantes
336 1447 352 1490 a
373 1428 486 1489 leminis
507 1430 654 1491 restitutas
679 1430 839 1490 constantia
861 1447 979 1508 precum
1007 1438 1037 1488 et
1063 1428 1178 1488 obiectu

178 1522 329 1593 pectorum
351 1521 380 1574 et
402 1522 559 1575 monstrata
585 1513 740 1574 comminus
771 1514 955 1593 captivitate,
982 1531 1065 1592 quam
1089 1512 1178 1590 louge

178 1598 372 1676 impatientius
385 1597 554 1658 feminarum
570 1615 683 1675 suarum
699 1601 813 1658 nomine
829 1599 943 1676 timent,
966 1597 1039 1658 adeo
1061 1606 1092 1656 ut
1117 1595 1179 1655 etti-

75 1715 76 1718 *
155 1680 276 1742 seacius
292 1679 459 1757 obligentur
475 1681 559 1741 animi
575 1681 734 1756 civitatum,
752 1679 854 1758 quibus
869 1683 944 1740 inter
962 1679 1081 1740 obsides
1097 1680 1179 1758 puel·

60 1757 65 1776 ⁷
178 1765 225 1825 lac
242 1781 359 1842 quoque
374 1763 489 1824 nubiles
513 1766 698 1845 imperantur.
738 1766 836 1825 inesse
855 1765 922 1844 quin
945 1765 1031 1824 etiam
1049 1773 1179 1824 sanctum

57 1897 58 1900 ,
91 1891 92 1894 κ
179 1847 286 1927 aliquid
309 1856 338 1908 et
358 1847 509 1927 providum
537 1857 651 1929 putant,
673 1867 728 1909 uec
748 1857 796 1908 aut
816 1847 937 1908 consilia
958 1865 1057 1907 carum
1078 1865 1178 1924 asper-

73 2005 75 2010 ,
178 1941 280 1992 uantur
295 1941 343 1992 aut
356 1939 499 2012 responsa
516 1933 686 2010 neglegunt.
706 1932 829 1993 vidimus
845 1930 897 1993 sub
914 1933 981 1992 divo
996 1931 1179 2012 Vespasiano

178 2015 337 2093 Veledam,
362 2014 409 2077 diu
429 2016 505 2096 apud
521 2017 680 2097 plerosque
695 2017 817 2077 numinis
833 2016 900 2078 loco
917 2015 1057 2085 habituum
1081 2012 1133 2076 scd
1152 2024 1181 2074 et
1281 2079 1287 2092 ,

31 2159 32 2162 ,
145 2099 247 2162 molitu
265 2099 424 2162 Albruuaru
440 2110 469 2161 et
485 2100 642 2179 compluris
655 2101 727 2162 alias
746 2103 877 2161 venerati
898 2110 979 2176 sunt,
1002 2118 1059 2160 non
1084 2098 1179 2160 adula-

179 2184 257 2243 tione
274 2202 370 2262 neque
385 2195 529 2264 tamquam
544 2185 674 2245 lacerent
689 2185 768 2245 deas.

243 2267 273 2328 9.
294 2267 422 2329 Deorum
437 2271 560 2330 maxime
576 2269 748 2329 Mercurium
766 2267 880 2344 colunt,
903 2271 947 2327 eui
972 2270 1061 2328 certis
1077 2266 1180 2326 diebus
1288 2325 1289 2338 ,

179 2351 308 2412 humanis
320 2369 438 2432 qucum
455 2353 557 2413 hostiis
574 2351 658 2413 litare
673 2353 718 2412 ias
732 2351 851 2412 babent.
886 2352 1007 2412 blartem
1029 2349 1180 2411 concessis

180 2435 348 2498 animalibus
371 2437 485 2516 placant
507 2437 550 2515 [et
570 2436 749 2516 Herculeml.
782 2455 850 2516 pars
872 2436 1035 2498 Sueborum
1065 2443 1094 2496 et
1111 2432 1180 2494 Isidi

179 2521 340 2582 sacrificat:
357 2521 432 2580 uude
452 2539 538 2582 causa
553 2531 582 2581 ct
597 2523 682 2598 origo
699 2523 859 2600 peregrino
872 2539 974 2598 sacro,
989 2539 1090 2599 parum
1102 2537 1179 2579 ccm-

155 2606 259 2684 speri,
281 2603 336 2664 uisi
357 2605 435 2684 quod
450 2609 563 2683 signum
586 2607 681 2686 ipsum
695 2607 724 2665 iu
744 2605 858 2666 modum
876 2603 1007 2665 liburnae
1028 2605 1179 2682 figuratum
1287 2633 1288 2638 κ

179 2688 267 2749 dccet
284 2687 434 2750 adnectam
455 2689 639 2768 religionem.
679 2697 806 2749 ceterum
827 2707 882 2748 nec
905 2687 1044 2748 cohibere
1064 2686 1178 2766 parieti·
1287 2693 1288 2768 ᾗ

178 2772 232 2833 bus
244 2770 316 2834 deos
331 2789 427 2852 neque
442 2775 471 2834 iu
486 2773 572 2835 ullam
592 2773 706 2833 humaui
721 2774 780 2834 oris
801 2773 932 2854 speciem
955 2771 1127 2834 adsimulare
1143 2788 1179 2830 ex

179 2857 373 2934 magnitudine
393 2857 563 2918 caelestium
578 2857 765 2918 arbitrantur:
785 2856 870 2917 lucos
888 2875 923 2918 ac
937 2874 1056 2918 nemora
1074 2871 1179 2916 eonse-

181 2949 263 3001 eraut
284 2941 463 3022 deorumque
485 2940 647 3002 nominibus
666 2941 819 3021 appellant¹
842 2951 987 3002 secretum
1008 2938 1077 3002 illud
1100 2937 1178 3018 quod

146 3045 171 3086 re
181 3025 245 3085 sola
260 3025 426 3085 reuerentia
442 3025 549 3088 vident.
1286 3075 1287 3100 ,

246 3111 294 3171 10.
317 3106 457 3189 Auspicia
482 3120 636 3189 sortesque
657 3119 687 3170 ut
709 3110 757 3188 qui
778 3112 900 3171 maxime
922 3110 1095 3171 observant:
1118 3124 1179 3166 sor·
1286 3105 1287 3134 ³

179 3191 249 3250 tium
265 3191 446 3253 cousuetudo
463 3195 597 3274 simplex.
643 3195 753 3273 virgam
769 3194 928 3273 frugiferae
944 3195 1042 3256 arbori
1054 3193 1180 3254 decisam

180 3273 209 3334 iu
222 3275 357 3338 surculos
383 3287 528 3358 amputant
550 3296 662 3358 eosque
683 3280 761 3340 nutis
780 3279 948 3359 quibusdam
970 3279 1113 3340 discretos
1135 3293 1179 3335 su·
1240 3269 1256 3306 ἵ

180 3376 234 3438 per
251 3361 400 3424 candidam
415 3372 527 3424 vestem
541 3374 652 3423 temere
668 3382 702 3424 ac
720 3363 839 3424 fortuito
858 3373 1009 3443 spargunt.
1045 3378 1129 3437 mox,
1155 3360 1179 3420 si

156 3443 299 3521 »publice
315 3448 509 3528 consultetur,
522 3446 662 3510 sacerdos
675 3449 815 3528 civitatis,
829 3451 872 3510 siu
884 3450 1030 3530 privatim,
1048 3447 1112 3528 ipse
1130 3463 1179 3526 pa-

180 3535 225 3586 ter
239 3526 382 3610 familiae,
406 3543 543 3612 precatus
563 3531 636 3594 deus
653 3532 821 3614 caelumque
837 3534 1001 3614 suspiciens
1022 3542 1068 3594 ter
1083 3532 1178 3606 singu·
