2580 3900
186 186 247 248 240
415 195 533 243 uacuus
549 195 643 242 bran.
660 195 706 242 ou
723 193 941 243 onauomaus

251 353 277 411 l.
309 351 405 430 Saepe
421 367 458 408 ex
474 366 520 408 me
540 349 682 428 requiris,
704 346 782 408 Iuste
803 347 893 425 Fabi,
916 365 983 425 cur,
1007 364 1070 406 cum
1089 350 1183 427 priora

187 435 304 496 saecula
319 442 362 493 tot
377 433 559 491 eminentium
571 440 715 492 oratorum
728 432 850 507 ingeniis
862 430 1015 508 gloriaque
1026 430 1182 510 floruerint,

185 527 283 578 nostra
300 516 478 596 potissimum
500 522 582 574 aetas
599 513 713 574 deserta
730 521 758 573 et
774 511 858 572 laude
882 514 1065 592 eloquentiae
1087 515 1185 578 orbata

184 603 233 662 rin
248 618 354 661 nomen
375 599 469 677 ipsum
487 600 610 658 oratoris
632 599 769 666 retineam
792 599 977 675 nequeenim
999 599 1035 658 ita
1059 599 1173 677 appella
1203 619 1205 626 ‘

159 704 246 756 ‚mus
268 685 321 744 nisi
343 684 489 761 antiquos:
521 681 623 741 horum
640 689 733 740 autem
756 690 916 758 temporum
937 680 1035 741 diserti
1052 683 1193 743 causidici·

185 779 213 829 ct
234 767 369 828 advocati
390 774 419 824 et
440 765 553 844 patroni
577 774 606 824 et
628 764 740 842 quidvis
760 765 859 842 potius
880 781 962 842 quam
985 773 1118 826 oratores
1136 785 1185 828 vo·

185 861 293 913 cantur.
335 850 381 910 cui
407 847 619 930 percontationi
651 857 716 909 tuae
737 846 918 926 respondere
941 857 970 908 et
990 857 1046 908 tam
1066 865 1187 927 magnae

184 933 363 1014 quaestionis
382 932 495 1011 pondus
513 934 669 1010 excipere,
694 939 723 991 ut
738 939 786 990 aut
802 930 838 990 de
853 931 977 1009 ingeniis
992 933 1098 992 nostris
1113 934 1186 994 male

185 1017 402 1080 existimandum
419 1016 478 1094 cit,
497 1017 522 1076 si
536 1014 612 1076 idem
629 1015 749 1093 adsequi
770 1030 827 1073 non
842 1032 1014 1094 possumus,
1032 1025 1081 1076 aut
1094 1016 1130 1102 de
1147 1018 1185 1076 iu-

150 1127 175 1168 re
185 1104 281 1179 dioiis,
297 1101 322 1160 si
334 1101 483 1177 nolumus,
498 1100 549 1159 vix
566 1099 685 1159 hercule
701 1097 854 1177 auderem,
870 1100 894 1158 si
912 1098 978 1163 mibi
993 1115 1056 1159 mea
1073 1109 1185 1160 senten·

184 1188 222 1246 tia
246 1184 424 1265 proferenda
447 1201 482 1242 ac
503 1198 562 1242 non
583 1181 851 1261 disertissimorum,
874 1191 904 1241 ut
922 1183 1030 1244 nostris
1052 1187 1186 1263 tempori·

184 1270 255 1347 bus,
279 1268 421 1328 bominum
444 1282 539 1326 sermo
563 1265 739 1345 repetendus
762 1275 858 1342 esset,
884 1282 956 1344 quos
975 1265 1095 1327 eandem
1114 1267 1187 1327 hanc

186 1352 385 1432 quaestionem
401 1358 613 1428 pertractantes
638 1349 750 1410 iuvenis
768 1349 919 1409 admodum
939 1349 1043 1410 audivi.
1073 1352 1112 1412 ita
1131 1368 1188 1411 non

185 1437 302 1514 ingenio
326 1433 379 1495 sed
403 1433 540 1494 memoria
561 1442 590 1494 et
611 1432 815 1494 recordatione
837 1451 910 1512 opus
933 1442 994 1509 est,
1018 1442 1048 1492 ut
1075 1453 1149 1513 quae
1172 1453 1190 1494 a

150 1553 174 1594 ,5
186 1517 442 1600 praestantissimis
458 1517 530 1577 viris
541 1526 570 1578 et
587 1517 752 1594 excogitata
768 1517 910 1576 subtiliter
926 1526 955 1577 et
969 1517 1044 1578 dicta
1060 1519 1190 1595 graviter

184 1606 303 1682 accepi,
326 1620 390 1664 cum
414 1600 524 1677 singuli
541 1600 672 1661 diversas
686 1600 752 1678 [vel
778 1599 926 1678 easdemj,
952 1600 1005 1660 sed
1022 1601 1189 1683 probabiles

185 1705 286 1748 causas
302 1687 465 1761 adferrent,
483 1684 548 1743 dum
562 1684 682 1744 formam
698 1685 741 1743 sui
756 1686 877 1764 quisque
893 1693 921 1743 et
939 1685 1023 1745 animi
1039 1694 1067 1744 et
1082 1685 1191 1764 ingenii

183 1769 358 1847 redderent,
384 1767 475 1828 isdem
495 1785 571 1827 nunc
591 1768 717 1827 numeris
737 1767 886 1847 isdemque
908 1767 1066 1828 rationibus
1088 1786 1190 1847 perse-

185 1872 272 1933 quar,
289 1860 406 1914 servato
424 1851 525 1912 ordine
540 1851 750 1932 disputationis.
774 1869 869 1930 neque
886 1852 960 1911 enim
975 1851 1066 1912 deluit
1082 1853 1129 1930 qui
1146 1853 1182 1912 di.

150 1956 298 2010 „versam
317 1953 433 2016 quoque
453 1944 562 2014 partem
583 1934 762 2013 susciperet,
787 1953 824 1996 ac
841 1935 957 1995 multum
978 1944 1081 1996 vexata
1099 1944 1128 1995 et
1146 1937 1191 1996 in·

184 2021 242 2081 risa
264 2027 407 2081 vetustate
432 2027 594 2080 nostrorum
617 2027 776 2097 temporum
795 2019 987 2098 eloquentiam
1010 2020 1192 2098 antiquorum

184 2107 308 2182 ingeniis
325 2103 492 2165 anteferret.

247 2188 276 2246 2.
306 2187 380 2246 Nam
401 2195 521 2264 postero
545 2185 591 2246 die
614 2205 697 2266 quam
720 2185 862 2247 Curiatius
883 2185 1029 2246 Maternus
1048 2183 1192 2248 Catonem

184 2267 373 2345 recitaverat,
392 2286 455 2329 cum
473 2269 630 2330 olieudisse
647 2271 805 2349 potentium
820 2269 930 2330 animos
946 2269 1103 2349 diceretur,
1119 2279 1193 2332 tam·

184 2372 268 2435 quam
283 2354 311 2414 iu
328 2372 364 2415 eo
378 2351 549 2429 tragoediae
562 2363 731 2430 argumento
748 2354 913 2414 suioblitus
927 2362 1034 2430 tantum
1049 2352 1194 2416 Catonern

184 2439 361 2516 cogitasset,
381 2453 473 2515 eaque
490 2435 526 2496 de
546 2455 578 2496 re
594 2456 648 2516 per
663 2437 763 2498 urbem
785 2437 924 2516 frequens
946 2455 1043 2498 sermo
1065 2437 1192 2499 babere·

158 2528 243 2599 atur,
264 2530 404 2582 venerunt
421 2519 457 2582 ad
471 2537 536 2580 eum
550 2520 664 2582 blancus
681 2523 763 2603 Aper
779 2530 809 2581 et
821 2517 910 2582 lulius
925 2521 1092 2598 Secundus,
1109 2523 1193 2582 cele·

182 2604 307 2665 berrima
334 2612 392 2665 tum
416 2604 532 2682 ingenia
552 2604 608 2665 lori
629 2606 735 2683 nostri,
760 2622 833 2684 quos
859 2622 916 2684 ego
941 2607 969 2666 in
994 2605 1107 2667 iudiciis
1132 2624 1194 2666 non

183 2697 321 2766 utrosque
343 2687 429 2748 modo
454 2687 585 2748 studiose
606 2689 773 2767 audiebam,
801 2689 853 2750 sed
876 2690 953 2750 domi
976 2708 1093 2770 quoque
1113 2699 1146 2750 et
1165 2692 1194 2748 in

183 2767 301 2852 publico
319 2769 492 2832 adsectabar
508 2773 579 2832 mira
596 2773 754 2834 studiorum
776 2772 932 2853 cupiditate
955 2784 984 2835 et
999 2774 1123 2853 quodam
1146 2791 1196 2834 ar-

182 2856 253 2916 dore
275 2855 408 2932 iuvenili,
429 2863 459 2915 ut
478 2853 592 2916 labulas
616 2874 732 2937 quoque
755 2874 854 2917 eorum
878 2864 907 2917 et
928 2857 1141 2936 disputationes
1165 2867 1196 2916 et

148 2967 173 3010 ιι
183 2958 288 3000 arcana
300 2948 430 3000 semotae
445 2939 579 3000 dictionis
594 2941 708 3020 penitus
720 2941 899 3021 exciperem,
918 2942 1046 3021 quamvis
1060 2943 1197 3019 maligne

178 3021 316 3102 'plerique
329 3024 525 3102 opinarentur,
544 3041 599 3084 nec
614 3024 749 3085 Secundo
761 3035 924 3105 promptum
940 3045 1007 3087 csse
1022 3041 1196 3086 sermonem

183 3117 212 3168 et
232 3107 343 3188 Aprum
363 3108 480 3184 ingenio
505 3109 600 3186 potius
623 3117 651 3169 et
672 3109 700 3168 vi
722 3116 840 3170 naturae
863 3129 945 3190 quam
965 3111 1147 3171 institutione
1165 3117 1198 3168 et

183 3191 274 3250 literis
290 3192 394 3252 lamam
412 3192 597 3270 eloquentiae
620 3201 814 3254 consecutum.
848 3213 913 3256 nam
932 3203 960 3254 et
975 3193 1111 3254 Secundo
1137 3211 1197 3272 pu-

182 3291 231 3330 rus
253 3283 282 3332 et
303 3294 423 3354 pressus
446 3284 491 3351 et,
513 3275 542 3333 in
564 3285 696 3354 quantum
720 3277 788 3338 satis
810 3285 887 3354 erat,
917 3277 1064 3358 profluens
1087 3295 1197 3336 sermo

149 3371 240 3432 „non
262 3355 366 3434 deluit,
395 3367 424 3418 et
447 3357 529 3438 Aper
553 3360 628 3419 omni
651 3361 811 3422 eruditione
834 3361 956 3422 imbutus
981 3361 1199 3421 contemnebat

184 3439 279 3518 potius
302 3440 400 3502 literas
423 3459 506 3520 quam
524 3443 685 3524 nesciebat,
709 3453 850 3524 tamquam
868 3446 1005 3506 maiorem
1025 3443 1199 3504 industriae
