2580 3900
189 177 252 238 224
429 185 593 234 corneum
612 183 729 232 racrrr
744 183 943 232 saracenae

192 345 304 404 bantur.
334 357 390 400 neo
406 338 545 416 Agricola
567 356 699 418 umquam
714 355 768 416 per
786 338 859 398 alios
878 347 963 415 gesta
982 339 1085 400 avidus
1101 339 1187 400 inter

193 427 289 504 cepit:
312 442 365 484 seu
380 423 511 482 centurio
533 440 586 482 sen
601 421 767 500 praefectus
787 423 985 520 incorruptum
999 423 1187 484 factitantem
1278 483 1279 500 ,

158 508 326 574 redebebat
357 505 433 586 apud
449 505 587 584 quosdam
604 503 781 566 acerbiorin
797 506 936 566 conviciis
952 505 1141 582 narrabatur,
1160 515 1191 566 ut
1278 529 1279 532 ¹

192 604 255 654 erat
278 592 368 652 comis
389 589 489 664 bonis,
512 591 551 649 ita
572 589 711 652 adversus
729 587 821 648 malos
843 589 1021 653 iniucundus.
1059 598 1190 656 oeternum

191 697 230 738 ex
246 675 393 737 iracundia
407 672 477 733 nihil
489 683 656 751 superarem
677 681 821 736 secretum
835 673 883 733 nel
895 672 1078 734 silentium'
1052 691 1115 734 eras
1132 691 1189 734 non
1269 723 1280 739 ,,

192 765 325 821 timeres:
346 757 496 818 honestius
512 755 630 834 putabat
644 755 795 818 offendere
810 773 894 834 enam
911 755 1020 819 edissa.
1168 819 1175 828 ,

247 842 298 906 23.
317 842 424 918 Quarta
435 850 531 902 aestas
543 839 704 902 obtinendis
713 856 787 918 qnae
798 849 1021 917 percucurrerat
1030 841 1189 918 insumpta;

191 929 267 988 acsi
288 927 377 986 virtus
393 924 570 986 exercituum
591 933 620 986 et
633 923 755 986 Romani
774 924 897 986 nominis
910 923 1007 1000 gloria
1030 932 1190 1002 pateretur,

191 1015 325 1072 iuventus
340 1011 368 1070 in
390 1011 453 1088 ipsa
472 1006 617 1070 Britannia
634 1007 780 1068 terminas.
809 1024 931 1085 namque
949 1005 1033 1068 Clota
1050 1016 1078 1068 et
1093 1005 1188 1070 Bodo-
1279 995 1280 1016 ³

190 1097 246 1154 tria
270 1094 378 1154 diversi
396 1093 484 1153 maria
500 1090 628 1155 aestibus
645 1109 699 1169 per
714 1089 872 1154 inmensum
888 1099 1041 1167 retentae,
1062 1101 1191 1168 angusto

170 1189 334 1238 sterrarum
352 1177 445 1253 spatio
465 1175 650 1236 dirimuntur:
672 1173 751 1252 quod
773 1183 831 1236 tuna
851 1173 1002 1252 praesidiis
1025 1173 1193 1244 timrabatur

193 1272 279 1340 atque
295 1261 387 1320 omnis
401 1259 524 1336 propior
535 1259 612 1318 sinus
628 1256 794 1334 tenebatur,
811 1257 959 1321 summotis
970 1257 1050 1318 velut
1064 1259 1093 1318 in
1105 1257 1191 1320 aliam

193 1345 314 1405 insulam
329 1341 472 1404 hostibus.

255 1425 306 1488 24.
330 1427 436 1503 Qnimo
456 1423 670 1504 expeditionum
691 1441 765 1484 antro
785 1442 859 1486 nave
877 1423 968 1504 prima
988 1433 1193 1502 transgressus
1280 1443 1281 1448 ¹

191 1516 306 1590 ignotas
325 1511 361 1571 ad
377 1509 405 1571 id
419 1519 533 1588 ternpus
550 1509 645 1585 gentis
661 1508 773 1570 crebris
788 1507 870 1572 simol
884 1525 921 1568 ac
937 1510 1089 1586 prosperis
1104 1525 1191 1586 proe-

191 1597 238 1656 liis
249 1595 372 1663 domuin
397 1610 518 1670 eamque
538 1601 648 1671 partem
662 1591 824 1656 Britanniae
842 1609 918 1671 qnae
931 1590 1098 1658 Hiberniam
1114 1593 1194 1689 aspi:

194 1682 232 1738 cit
248 1680 342 1758 copiis
358 1677 506 1751 instruxit,
526 1675 554 1734 in
575 1693 657 1754 spem
670 1677 763 1752 magis
783 1693 869 1756 quam
884 1673 922 1736 ob
944 1673 1146 1751 formidinem,
1170 1677 1194 1734 si

169 1761 308 1842 squidem
331 1759 468 1822 Hibernia
493 1758 588 1818 medio
613 1761 688 1820 inter
712 1757 885 1823 Britanniam
910 1767 996 1838 atque
1022 1758 1194 1857 Hispaniam

192 1849 247 1906 sita
263 1855 295 1905 et
310 1843 423 1906 Gallico
438 1860 554 1922 qnoque
569 1844 639 1904 mari
659 1853 824 1924 opportuna
839 1841 1086 1904 valentissimam
1077 1844 1197 1940 imperii
1266 1865 1282 1898 a

193 1939 304 2006 partem
325 1929 437 2006 magnis
453 1927 484 1985 in
504 1925 598 1986 vinem
613 1926 712 1997 usibus
728 1927 884 1988 misouerit.
915 1926 1038 2004 spatium
1061 1928 1142 2002 eius,
1170 1927 1194 1985 si

191 2012 354 2073 britanniae
372 2020 569 2091 comparetur,
589 2012 755 2092 angustius,
771 2013 864 2072 nostri
877 2011 964 2073 moris
979 2010 1087 2073 insulas
1103 2029 1192 2091 snpe-

190 2106 245 2162 rat.
282 2095 376 2158 solnm
396 2095 565 2172 caelumque
585 2103 615 2154 et
633 2095 749 2170 ingenia
773 2094 924 2172 cultusque
949 2093 1092 2154 hominurn
1115 2093 1193 2154 hand

157 2180 308 2240 tumultum
329 2179 502 2238 aBritaania
517 2177 663 2238 differunt·
679 2178 712 2219 **
733 2178 836 2240 melina
852 2177 944 2239 aditus
959 2186 1120 2256 portusque
1137 2195 1194 2257 per

193 2262 365 2324 commercia
383 2269 412 2320 et
426 2261 624 2338 negotiatores
640 2261 759 2337 cogniti.
789 2260 931 2339 Agricola
947 2262 1100 2339 expulsum
1114 2260 1192 2324 sedi·

191 2349 271 2406 tione
286 2345 446 2406 domestica
466 2361 550 2404 unum
570 2361 608 2404 ex
627 2344 737 2421 regulis
752 2347 848 2422 gentis
864 2354 1023 2423 exceperat
1037 2363 1073 2406 ac
1088 2347 1194 2424 specie

192 2430 334 2490 amicitiae
345 2431 374 2489 in
386 2429 570 2490 occasionem
579 2427 732 2488 retinebat.
754 2446 845 2507 saepe
861 2447 898 2490 ex
914 2446 949 2488 eo
962 2428 1056 2491 audivi
1070 2429 1194 2506 legione

191 2531 246 2573 naa
262 2523 291 2573 et
302 2513 423 2574 modicis
438 2511 549 2572 auxiliis
561 2511 704 2572 debellari
716 2511 898 2592 obtinerique
908 2512 1072 2573 Hiberniam
1084 2529 1193 2590 possm

157 2612 183 2656 rs
192 2596 277 2675 idque
294 2597 376 2656 etiam
394 2595 534 2656 adversus
546 2595 719 2656 Britanniam
732 2597 928 2674 prolaturum,
946 2616 970 2656 ιι
963 2597 1115 2658 Romana
1130 2595 1192 2658 ubi-

193 2698 248 2758 que
264 2697 342 2739 arma
357 2688 386 2738 et
401 2679 480 2738 velut
493 2697 510 2738 e
526 2688 687 2758 conspectu
703 2679 822 2740 libertas
837 2681 1000 2741 tolleretur.

251 2761 303 2822 25.
328 2761 464 2822 Ceterum
481 2771 661 2841 aestateque
678 2773 790 2826 sextum
804 2763 895 2826 officii
911 2781 1012 2825 annum
1026 2743 1192 2843 inobonbm,

192 2847 345 2925 amplexus
360 2847 490 2908 civitates
506 2855 584 2908 trans
598 2845 764 2910 Bodotriam
778 2847 863 2927 sitas,
885 2850 952 2930 quia
967 2855 1061 2910 motus
1077 2849 1192 2908 univer-

191 2949 287 2991 sarum
304 2929 377 2992 ultra
392 2929 519 3006 gentium
536 2939 567 2990 et
585 2931 688 2990 infesta
712 2931 836 3011 [hostilis
855 2933 1016 3011 exercitus]
1040 2933 1146 2992 itinera
1160 2932 1192 2991 ti·

191 3015 342 3074 mabantur
350 3022 481 3094 ,portus
499 3013 594 3076 classe
615 3014 795 3116 apploravim
820 3035 895 3096 quae
917 3016 953 3076 ab
973 3015 1116 3094 Agricola
1134 3016 1193 3094 pri·

169 3115 266 3159 amum
282 3096 459 3178 adsumpta
451 3115 479 3156 ιιι
494 3107 606 3175 partem
621 3100 722 3162 virium
741 3099 918 3179 sequebatur
939 3102 1062 3177 egregia
1078 3101 1192 3180 specie,

192 3201 255 3242 curn
277 3179 360 3244 annul
382 3190 460 3242 terra
481 3182 562 3242 simul
581 3184 652 3242 mari
671 3182 777 3246 bellum
801 3184 1016 3262 impelleretur,
1043 3202 1078 3246 ac
1099 3201 1193 3282 caepe
1268 3171 1283 3228 Ὗ

189 3263 281 3326 isdem
300 3267 403 3326 castris
419 3263 511 3364 pedes
529 3283 677 3345 equesque
698 3275 728 3328 ct
742 3269 874 3328 nauticus
891 3269 976 3330 miles
996 3267 1076 3329 mixti
1096 3267 1192 3345 copiis

190 3355 219 3407 et
234 3348 343 3409 laetitia
357 3368 409 3412 sua
424 3351 546 3429 quiaque
561 3350 656 3426 facta,
671 3369 741 3410 suos
757 3369 840 3411 casus
855 3351 1038 3429 attollerent,
1054 3369 1089 3412 ao
1104 3349 1191 3413 modo

189 3430 327 3491 advenum
352 3451 387 3492 ao
408 3437 544 3494 montium
565 3433 725 3512 profunda,
751 3433 837 3494 modo
860 3443 1061 3514 tempestatum
1081 3451 1117 3494 ac
1140 3434 1193 3496 nu·
