2580 3900
180 243 242 305 242
277 233 280 243 ’
408 253 520 302 unctui
537 253 634 300 cuno.
656 253 703 298 ors
720 252 938 301 onnnouuuus

181 411 301 470 alteram
315 407 391 486 apud
407 424 459 467 cos
475 415 586 486 partem
600 406 693 483 gratia
708 404 889 485 praevalere.
918 409 981 486 quis
997 410 1072 470 enim
1087 412 1182 470 nescit

156 523 167 560 u
182 493 323 554 neminem
337 490 404 551 mibi
422 491 647 551 coniunctiorem
662 507 729 550 esse
744 497 773 548 et
787 507 840 548 usu
858 490 1000 552 amicitiae
1015 499 1044 552 et
1061 493 1178 554 assidui·

182 586 240 638 tate
259 573 438 636 contubernii
455 591 538 653 quam
555 572 679 634 Saleium
693 571 829 650 Bassum,
854 591 917 634 cum
935 577 1073 653 optimum
1088 578 1181 637 virum

181 671 238 721 tum
256 657 498 720 absolutissimum
514 655 650 737 poetam?
671 672 761 735 porro
773 658 798 716 si
813 658 929 736 poetica
944 667 1107 736 accusator,
1123 678 1181 720 non

181 744 265 805 alium
280 741 366 802 uideo
384 759 465 800 reum
479 740 725 820 locupletiorem’
1279 779 1280 806 i

244 827 389 890 ‘Securus
408 825 462 885 sit'
480 825 570 904 iuquit
592 823 674 902 Aper
690 825 732 883 ‘et
749 823 862 884 Saleius
879 824 986 886 bassus
1002 835 1031 886 et
1051 826 1182 905 quisquis

148 942 171 982 10
181 910 255 970 alius
269 908 392 969 studium
406 909 542 989 poeticae
558 916 587 968 et
604 909 757 968 carminum
772 907 896 984 gloriam
913 908 1010 986 louet,
1033 925 1096 970 cum
1115 928 1181 970 cau*

181 1013 228 1056 aas
244 1011 335 1072 agere
350 1010 408 1054 non
424 992 528 1072 possit.
557 1009 615 1069 ego
632 992 721 1069 enim,
742 998 882 1070 quatenus
900 991 1035 1054 arbitrum
1056 994 1115 1054 litis
1131 994 1181 1054 hu·

181 1081 224 1137 ius
245 1077 356 1155 inueni,
379 1093 437 1136 non
456 1075 550 1156 patiar
563 1075 722 1136 blaternum
742 1075 884 1136 societate
908 1075 1031 1155 plurium
1053 1076 1181 1156 delendi,

182 1161 233 1221 sed
248 1162 342 1239 ipsum
356 1160 450 1221 solum
465 1158 540 1239 apud
556 1165 585 1219 te
604 1176 775 1237 coarguam,
796 1158 874 1238 quod
889 1168 971 1219 natus
988 1159 1024 1219 ad
1041 1159 1179 1240 eloquen«

181 1247 248 1305 tiam
267 1243 380 1304 virilem
402 1252 432 1303 ct
454 1243 624 1319 oratoriam,
646 1255 701 1320 qua
718 1260 824 1322 parere
841 1242 968 1304 simulet
989 1243 1063 1304 tueri
1085 1245 1170 1304 amici

146 1356 169 1400 te
181 1330 251 1405 tias,
270 1327 438 1388 adsciscere
451 1326 699 1401 necessitudines,
724 1325 879 1404 complecti
895 1327 1062 1406 prouincias
1077 1328 1183 1405 possit

182 1412 285 1473 omittit
299 1411 437 1488 studium,
459 1427 518 1489 quo
533 1428 592 1471 non
608 1408 684 1470 aliud
701 1410 729 1470 in
747 1409 863 1470 civitate
880 1419 979 1471 nostra
995 1410 1042 1470 vel
1057 1409 1093 1470 ad
1107 1411 1183 1471 utili·
1281 1453 1282 1460 κ

181 1505 269 1557 tatem
283 1494 458 1556 fructuosius
476 1493 524 1554 vel
540 1493 576 1554 ad
597 1492 765 1570 dignitatem
788 1493 910 1573 amplios
924 1492 971 1554 vel
992 1493 1028 1554 ad
1042 1493 1122 1554 urbis
1140 1496 1183 1555 la·

180 1598 253 1640 mam
269 1578 416 1658 pulchrius
437 1577 485 1638 vel
506 1576 542 1640 ad
561 1577 648 1637 totius
666 1576 778 1656 imperii
801 1586 888 1656 atque
910 1576 1033 1638 omnium
1054 1579 1184 1656 gentium

181 1664 308 1723 notitiam
325 1662 470 1722 inlustrius
486 1661 649 1738 excogitari
663 1670 769 1740 potest.
802 1678 866 1721 nam
881 1662 907 1721 si
922 1660 958 1721 ad
974 1661 1125 1722 utilitatem
1141 1663 1183 1720 vi·

146 1774 170 1810 m
184 1758 230 1806 tae
246 1746 339 1805 omniu
357 1744 477 1804 consilia
497 1744 632 1822 iactaque
651 1753 750 1805 nostra
773 1743 922 1823 dirigenda
943 1753 1023 1824 sunt,
1049 1745 1115 1826 quid
1138 1754 1185 1805 est

183 1829 279 1890 utilius
295 1846 380 1907 quam
396 1845 458 1888 earn
474 1845 615 1888 exercere
630 1836 734 1906 artem,
751 1846 807 1907 qua
824 1846 942 1910 semper
958 1838 1082 1890 armatus
1097 1847 1185 1910 prae·
1275 1889 1283 1910 '¹

181 1912 282 1974 sidium
297 1912 413 1989 amicis,
434 1929 520 1992 opem
532 1911 649 1991 alienis,
673 1911 794 1972 salutem
813 1912 1059 1992 periclitantibus,
1080 1912 1185 1973 invidis
1281 1921 1282 1940 ¹

180 2014 253 2056 vero
271 2005 300 2056 et
313 1996 436 2056 inimicis
449 2004 554 2059 metum
573 2004 601 2056 et
615 2006 757 2056 terrorem
771 1994 847 2055 ultro
862 1996 957 2072 ieras,
979 1997 1042 2076 ipse
1060 2015 1186 2058 securus

181 2091 209 2142 et
227 2078 347 2161 quadam
363 2080 442 2141 velut
457 2087 598 2159 perpetua
613 2081 742 2161 potentia
756 2098 790 2141 ac
805 2088 952 2160 potestate
969 2078 1113 2141 munitus?
1133 2099 1184 2141 cu·

146 2191 170 2229 au
181 2169 224 2226 ius
240 2165 284 2225 vis
300 2172 329 2224 et
347 2164 453 2224 utilitas
468 2164 556 2224 rebus
573 2182 717 2246 prospere
734 2162 888 2226 fluentibus
909 2164 1029 2226 aliorum
1045 2164 1185 2244 perfugio
1283 2185 1284 2188 ¹

181 2258 210 2308 et
225 2247 313 2307 tutela
328 2247 583 2324 intellegiturisin
599 2248 748 2328 proprium
768 2247 928 2326 periculum
943 2248 1102 2330 increpuit,
1124 2265 1186 2309 uon

180 2330 300 2392 hercole
322 2329 413 2390 lorica
436 2339 465 2390 ct
484 2329 598 2408 gladius
618 2331 648 2391 in
669 2333 733 2392 acie
751 2331 857 2392 firmius
879 2333 1079 2393 munimentum
1097 2349 1187 2412 quam

180 2433 233 2476 reo
252 2423 282 2474 et
296 2413 472 2494 periclitanti
490 2414 655 2493 eloquentia
670 2414 843 2493 praesidium
859 2415 942 2476 simul
957 2434 992 2478 ac
1007 2416 1107 2494 telum,
1125 2434 1185 2495 quo

183 2516 369 2580 propugnare
385 2500 494 2577 pariter
511 2506 540 2558 et
557 2499 707 2559 incessere
721 2498 769 2559 vel
785 2499 813 2562 iu
833 2499 940 2561 iudicio
957 2500 1021 2560 sive
1036 2501 1065 2559 in
1080 2508 1186 2560 senatu

146 2584 245 2648 cusive
260 2580 337 2661 apud
351 2582 512 2663 principem
533 2584 654 2663 possis·
672 2581 741 2661 quid
756 2581 833 2644 aliud
853 2583 965 2644 iniectis
982 2583 1112 2663 patribus
1132 2601 1185 2642 nu·

181 2684 234 2745 per
249 2663 355 2744 Eprius
369 2663 526 2728 Marcellus
542 2682 628 2745 quam
642 2666 834 2745 eloquentiam
849 2684 930 2728 suam
944 2665 1104 2746 opposuit?
1128 2683 1186 2745 qua

181 2749 329 2809 accinctus
352 2757 381 2808 et
401 2750 496 2810 ruinart
517 2748 652 2810 disertam
676 2749 809 2828 quidem,
833 2750 885 2811 sed
910 2751 1129 2812 inexercitatam
1156 2757 1188 2810 et

182 2834 244 2894 eius
258 2832 336 2893 modi
349 2832 533 2894 certaminum
546 2833 647 2894 rudem
658 2833 783 2896 Helvidii
795 2833 966 2914 sapientiam
980 2834 1075 2898 elusit.
1100 2834 1186 2914 plura

181 2918 218 2980 de
231 2917 353 2978 utilitate
368 2933 426 2976 non
442 2916 519 2995 dico,
536 2918 581 2976 cui
596 2918 671 2996 parti
686 2918 799 2978 minime
812 2926 913 2980 contra
924 2917 1065 2980 dicturum
1079 2915 1185 2978 blater-

147 3025 171 3066 ιι»
182 3020 247 3061 num
263 3018 357 3061 meum
373 2999 508 3063 arbitror.

244 3086 273 3146 6.
301 3083 348 3145 Ad
369 3084 548 3163 voluptatem
569 3085 716 3148 oratoriae
735 3086 922 3166 eloquentiae
940 3095 1076 3164 nauseo,
1103 3084 1187 3144 cuius

182 3168 341 3229 iucunditas
356 3185 415 3228 nou
433 3187 490 3229 uno
510 3169 607 3248 aliqum
627 3178 772 3231 momento
788 3169 842 3230 sed
863 3169 997 3232 omnibns
1014 3186 1109 3250 prope
1125 3166 1186 3226 die-

182 3253 236 3312 bus
252 3270 286 3312 ao
303 3269 398 3333 prope
416 3251 546 3315 omnibus
563 3253 643 3314 boris
662 3254 812 3332 contingit.
844 3253 912 3334 quid
933 3254 1008 3316 enim
1024 3252 1136 3314 dulcius
1153 3251 1187 3312 li·

183 3335 256 3395 bero
277 3345 306 3394 et
321 3337 447 3414 ingenuo
463 3337 556 3398 auimo
572 3347 601 3397 et
623 3337 660 3400 ad
674 3335 841 3416 voluptates
856 3338 996 3400 honestas
1015 3345 1082 3398 nato
1099 3352 1188 3414 quam

163 3417 285 3482 evidere
301 3418 416 3496 plenam
438 3439 556 3500 semper
570 3429 599 3481 et
615 3421 796 3500 frequentem
814 3422 927 3482 domurn
942 3439 1021 3483 suam
1040 3437 1188 3480 concursu

184 3500 481 3584 splendidissimorum
495 3502 662 3566 bonriuum?
682 3502 768 3583 idque
782 3507 860 3566 scire
876 3523 934 3566 non
950 3505 1110 3586 pecuniae,
1126 3519 1189 3562 non
