2580 3900
482 232 557 282 cnr.
578 231 676 286 s-t.
1014 221 1075 284 tit

76 389 211 465 orbitati,
238 403 296 446 non
325 385 414 446 officii
437 386 558 448 alicuius
584 387 838 463 administrationi,
864 387 916 448 sed
943 388 1077 468 sibiipsi

76 471 159 536 darii
174 473 257 550 ipsos
272 470 340 549 quin
355 471 441 530 immo
455 469 544 532 orbos
560 481 589 531 et
604 471 769 551 locupletes
782 479 811 531 et
823 479 959 552 potentes
976 475 1077 534 venire

78 554 251 638 plerumque
266 553 302 614 ad
323 554 456 614 iuvenem
479 562 509 614 et
525 571 700 636 pauperem,
722 563 754 615 nt
768 564 817 616 aut
836 573 889 616 sua
905 565 953 616 aut
970 557 1076 618 amico·

76 659 139 701 mm
160 639 324 700 discrimina
348 638 557 699 commendent.
598 639 694 700 ullane
713 645 791 700 tanta
810 640 969 716 ingentium
990 657 1076 719 opum
1085 661 1110 703 m

10 769 17 788 t
77 744 112 785 ac
127 739 252 800 magnac
269 723 417 800 potentiae
437 721 572 801 voluptas
592 741 675 802 quam
698 732 835 802 spectare
849 723 980 784 homines
995 733 1075 784 rete·

77 828 126 868 res
143 815 174 867 et
193 823 281 866 senes
297 813 327 865 ct
343 805 431 866 totius
447 805 527 866 orbis
542 808 635 884 qratia
655 807 794 868 ssabnixos
813 809 842 868 in
857 825 965 869 summa
980 825 1076 868 rerum

77 891 200 952 omnium
212 888 386 950 abundantia
408 891 598 967 confitentes,
622 889 651 950 id
670 891 747 970 quod
762 893 899 970 optimum
918 894 956 952 sit
970 910 1003 953 se
1018 908 1076 952 non

76 971 208 1038 habere?
225 974 280 1034 iem
290 989 363 1032 vero
380 974 428 1052 qai
442 982 608 1052 togatorum
624 976 776 1035 comitatus
788 982 817 1035 et
829 976 983 1052 egressus!
1001 993 1076 1054 quae

77 1065 104 1120 in
121 1058 242 1138 publico
256 1057 389 1137 species!
410 1075 483 1136 quae
496 1058 525 1117 in
540 1058 654 1121 iudiciis
668 1059 832 1119 ueneratio!
852 1058 929 1138 quod
943 1057 1076 1136 gaudium
1087 1079 1110 1119 m

78 1141 275 1220 consurgendi
290 1139 507 1220 adsistendique
524 1141 599 1202 inter
620 1149 751 1202 tacentes
766 1151 795 1202 et
810 1144 839 1202 in
853 1161 937 1203 unum
954 1159 1076 1204 conver·

77 1227 141 1289 sos!
167 1227 249 1288 coire
273 1223 411 1305 populum
431 1233 461 1284 et
477 1226 665 1286 circumfundi
681 1243 818 1288 coronam
833 1234 863 1287 et
878 1227 1014 1306 accipere
1027 1227 1076 1288 ad·

77 1314 184 1372 lectum
199 1325 408 1390 quemcumque
424 1318 524 1370 orator
537 1310 676 1370 induerit!
697 1309 817 1388 volgata
835 1309 989 1372 dicentium
1007 1330 1076 1389 gau·

77 1397 123 1456 dia
142 1403 172 1455 et
193 1394 392 1474 imperitorum
414 1410 531 1471 qnoque
554 1393 648 1453 oculis
669 1395 803 1472 exposita
825 1412 1005 1473 percenseo:
1028 1395 1077 1454 illa

77 1480 238 1540 secretiora
260 1486 290 1537 et
310 1485 417 1537 tautum
435 1477 506 1554 ipsis
526 1476 672 1537 orantibus
689 1485 758 1537 nota
779 1479 888 1538 maiora
909 1487 984 1538 sunt.
1014 1479 1111 1544 siresa

77 1571 240 1626 accuratam
260 1560 483 1638 meditatamque
497 1560 610 1640 prolert
628 1562 803 1638 orationem,
822 1570 868 1622 est
883 1561 1027 1640 quoddam
1042 1561 1078 1642 si7

78 1657 126 1708 cut
139 1649 232 1727 ipsius
247 1644 396 1721 dictionis,
411 1645 453 1704 ita
467 1644 566 1722 gaudii
580 1643 693 1724 pondus
708 1652 738 1704 et
753 1647 929 1716 coustantia;
950 1647 1013 1707 sire
1026 1661 1078 1705 no·

76 1750 142 1792 vam
164 1740 194 1792 et
212 1737 361 1791 recentem
383 1745 479 1789 curam
499 1745 558 1788 non
579 1729 642 1790 sine
665 1729 760 1808 aliqua
779 1729 973 1810 trepidatione
992 1730 1079 1791 animi

76 1815 221 1891 attulerit,
241 1815 307 1894 ipsa
321 1811 489 1873 sollicitudo
506 1813 687 1874 commendat
703 1822 837 1874 eventum
851 1822 881 1875 et
896 1815 1078 1875 lenocinatur

7 1959 8 1962 ,
75 1899 230 1978 voluptati.
264 1896 315 1958 sed
337 1896 546 1976 extemporalis
562 1896 700 1958 andaciae
717 1906 803 1976 atque
826 1898 918 1977 ipsius
931 1898 1112 1958 temerita-ss

76 1986 113 2044 tis
141 1982 192 2042 rel
216 1982 371 2061 praecipua
397 1980 558 2041 iucunditas
580 1989 639 2048 est;
662 1998 726 2040 nam
752 1981 785 2042 im
805 1982 923 2059 ingenio
949 1998 1077 2061 quoque,
1102 2002 1117 2116 p

76 2069 152 2128 sicut
163 2065 192 2126 in
208 2081 297 2144 agro,
316 2082 487 2144 quamquam
501 2064 557 2125 alia
572 2064 620 2125 diu
635 2072 767 2124 serantur
778 2074 864 2143 atque
880 2064 1077 2142 elaborentnr,

76 2151 207 2229 gratiora
222 2159 317 2217 tamen
334 2166 407 2228 quae
425 2166 476 2210 sua
492 2156 597 2227 sponte
610 2157 774 2209 nascuntur.

141 2237 170 2294 7.
193 2233 352 2313 Equidem,
367 2241 399 2292 ut
412 2232 507 2294 deme
521 2235 587 2312 ipse
603 2233 712 2311 fatear,
731 2250 789 2294 non
806 2251 870 2294 eum
886 2231 961 2293 diem
975 2231 1100 2298 laetio·l

76 2335 139 2381 rem
159 2321 224 2396 egi,
247 2335 305 2398 quo
322 2315 390 2377 mihi
405 2315 481 2378 latus
499 2315 599 2378 clarus
621 2317 735 2378 oblatus
757 2327 818 2396 cst,
839 2318 888 2378 vel
910 2334 968 2397 quo
991 2315 1078 2377 homo

76 2419 172 2464 noras
186 2411 215 2463 et
234 2403 263 2462 in
281 2401 399 2462 civitate
414 2402 530 2463 minime
552 2401 705 2462 favorabili
725 2410 807 2462 natus
829 2410 1013 2479 quaesturam
1031 2408 1080 2460 aut

75 2486 248 2548 tribunatum
263 2494 312 2547 ant
325 2493 489 2564 praeturam
504 2486 624 2564 accepi,
640 2501 724 2563 quam
739 2501 807 2561 eos,
821 2485 927 2563 quibus
941 2483 1009 2542 milri
1022 2499 1078 2562 pro

76 2569 277 2630 mediocritate
292 2568 375 2630 huius
390 2569 668 2648 quantulaecumque
683 2567 850 2629 indicendo
867 2566 1013 2629 facultatis
1031 2576 1101 2628 ants

76 2671 158 2715 reum
174 2671 318 2732 prospere
338 2652 497 2714 defendere
517 2661 565 2714 aut
585 2650 661 2732 apud
682 2653 877 2714 centumviros
892 2669 1008 2713 cansam
1028 2651 1078 2714 ali·

77 2755 162 2818 pam
182 2737 308 2798 feliciter
331 2754 417 2798 orare
432 2746 481 2798 aut
495 2736 571 2817 apud
587 2736 748 2816 principem
767 2738 850 2816 ipsos
869 2736 937 2798 illos
956 2736 1079 2798 libertos

77 2833 107 2883 et
124 2829 332 2904 procuratores
346 2821 506 2901 principum
521 2823 595 2882 tueri
607 2829 637 2881 et
650 2818 810 2882 defendere
822 2821 914 2882 datur.
939 2831 997 2882 tum
1012 2819 1080 2881 milri

77 2925 167 2986 supra
183 2905 342 2965 tribunatus
357 2915 386 2965 et
401 2912 552 2984 praeturas
569 2915 598 2965 et
610 2904 777 2966 consulatus
788 2906 950 2967 ascendere
965 2903 1078 2980 videor,

77 2999 137 3052 tum
153 2988 263 3050 hahere
282 2988 375 3069 qnod,
397 2991 422 3050 si
438 3006 496 3050 non
509 2991 538 3051 in
553 2989 647 3050 animo
669 2990 774 3067 oritur,
795 3008 851 3050 nec
873 2986 1016 3049 codicillis
1031 2986 1113 3048 dam

76 3083 124 3138 tur
141 3091 197 3134 uec
213 3075 384 3152 cumgratia
399 3074 489 3134 venit.
516 3071 604 3152 quid?
618 3073 693 3132 lama
709 3080 739 3132 et
753 3073 816 3132 laus
831 3074 914 3134 cuius
929 3071 1000 3133 artis
1015 3088 1078 3130 cum

77 3167 226 3220 oratorum
241 3159 338 3236 gloria
348 3157 541 3238 comparanda
556 3155 623 3218 esti
642 3157 690 3237 qui
703 3165 759 3218 tam
774 3156 911 3218 inlustres
927 3163 956 3216 et
967 3155 996 3216 in
1007 3154 1080 3215 urhe

77 3244 116 3280 ·*
138 3259 197 3304 non
212 3241 306 3304 solum
322 3242 400 3322 apud
415 3242 590 3320 negotiosos
609 3250 638 3302 et
657 3239 745 3302 rebus
762 3241 905 3318 intentos,
925 3238 977 3299 sed
994 3238 1080 3299 ctiam

76 3325 154 3408 apud
168 3343 280 3388 vacuos
296 3334 325 3386 et
344 3325 565 3402 adulescentes,
585 3325 687 3405 quibus
701 3324 788 3387 modo
803 3333 884 3385 reeta
902 3321 1017 3384 indoles
1035 3332 1081 3384 est

75 3421 106 3486 et
121 3410 197 3473 bona
213 3429 283 3493 spes
299 3409 366 3471 suii
389 3427 509 3489 quorum
523 3411 635 3470 nomina
651 3410 731 3488 prius
748 3415 885 3489 parentes
900 3406 1002 3469 liberis
1019 3409 1113 3468 suisio

74 3494 234 3584 iu'geruutl
250 3511 325 3574 quus
339 3495 457 3573 saepius
471 3493 578 3570 volgus
591 3510 707 3572 quoque
723 3492 883 3637 imperitrpp
894 3501 927 3618 pt
939 3494 1078 3554 tunicatus
