2580 3900
486 221 561 270 cur.
578 220 697 274 aa-ua-
882 201 885 209 '
1028 211 1088 272 209

26 425 27 454 ᾗ
92 379 181 454 oium,
198 374 250 436 sed
263 375 379 454 penitus
394 384 481 455 atque
494 375 524 436 in
535 375 768 456 splendidissima
780 377 900 440 Raetiae
917 379 1110 457 prouinclaet

26 471 27 478 ’
92 461 215 524 colonia.
234 459 342 538 passim
359 459 423 520 siue
439 458 561 520 custode
581 469 745 542 transeunt:
768 469 876 522 etcum
893 462 1000 527 ceteris
1015 479 1086 538 gen·

25 571 26 624 y
92 545 165 606 tibus
179 560 256 604 arma
268 541 356 606 modo
369 551 522 621 castraque
535 551 635 603 nostra
649 543 844 621 ostendamus,
863 545 909 604 his
920 543 1021 604 domos
1035 545 1086 604 ril-

91 629 190 708 lasque
198 626 389 706 patefecimus
396 643 455 687 non
462 625 745 707 concupiscentibus.
757 626 1088 693 inHermundurisAlbis

92 713 193 789 oritur,
215 709 320 771 dumea
335 709 473 770 inclutum
490 717 630 772 eloctum
644 711 729 782 olim;
752 729 828 772 nuno
841 721 948 773 tautum
968 710 1087 772 auditur.

150 794 201 855 ta.
228 792 310 854 quta
328 790 544 856 Hermunduros
558 793 666 855 Naristi
689 813 725 855 ac
746 793 850 856 deinde
866 796 1043 858 Marcomani
1062 804 1090 854 et

91 877 182 956 Quadi
194 885 296 954 agunt.
327 879 485 958 praecipua
500 878 748 948 Marcomanorum
763 878 858 957 gloria
869 882 1023 960 viresque,
1045 887 1088 940 at-

92 980 148 1042 que
170 962 255 1024 etiam
276 963 340 1039 ipsa
362 959 449 1024 sedes
470 962 561 1041 pulsis
585 962 653 1022 olim
675 961 757 1023 Boiis
778 964 884 1022 uirtute
911 972 1002 1042 parta.
1035 981 1090 1022 nec

90 1046 196 1108 Naristi
219 1043 351 1119 Quadive
372 1044 561 1122 degenerant.
599 1062 691 1124 caque
712 1045 883 1106 Germaniae
903 1045 984 1106 velot
1008 1045 1090 1106 irons
1259 1102 1266 1118 ,

91 1139 152 1206 est,
169 1137 311 1207 quatenos
325 1127 457 1190 Danuuio
474 1129 680 1208 praecingitur.
711 1130 903 1191 Marcomanis
921 1128 1112 1208 Quadisques
1131 1125 1265 1226 ngt

90 1230 182 1291 usque
198 1211 234 1272 ad
250 1222 379 1278 nostram
393 1214 559 1275 memoriam
571 1231 662 1290 reges
677 1223 843 1276 mmseruut
858 1231 895 1275 ex
905 1222 995 1292 gente
1011 1214 1088 1292 ipso-

90 1315 168 1374 rum,
190 1295 288 1358 nobile
301 1293 473 1359 Marobodui
489 1306 518 1359 et
533 1296 621 1360 l'udri
635 1315 744 1376 genus:
767 1299 822 1359 iam
837 1306 868 1359 et
883 1307 1021 1360 externos
1040 1315 1090 1376 pa-

90 1381 213 1458 tiuntur,
236 1380 289 1442 aed
309 1381 354 1441 ris
371 1389 400 1441 et
420 1383 550 1460 potentia
566 1380 686 1457 regibus
708 1399 746 1441 eu
762 1384 934 1443 auctoritate
950 1382 1088 1443 llomaua.

89 1465 383 1542 remurmuremus,
397 1465 514 1544 saepius
523 1465 648 1542 pecunia
659 1466 800 1542 iurantur,
815 1483 870 1524 neo
881 1467 971 1525 minus
983 1465 1099 1535 valenti

154 1547 206 1610 43.
228 1548 319 1608 Retro
333 1547 490 1625 Marsigni,
506 1545 619 1624 (intimi,
635 1545 696 1625 Osi,
710 1547 778 1608 Buri
793 1555 877 1626 terga
891 1548 1090 1610 Marcomano-

89 1650 152 1692 rum
167 1631 389 1711 Quadorumque
409 1631 553 1693 olanduut.
583 1651 600 1691 e
621 1630 725 1712 quibus
739 1631 878 1710 Marsigni
893 1640 923 1693 et
942 1630 1010 1692 llari
1030 1649 1090 1690 ser·

89 1733 176 1778 mone
191 1715 326 1796 cultuque
342 1715 458 1778 Suebos
472 1716 617 1778 referunt:
641 1713 763 1777 Cotinos
778 1714 908 1793 Gallica,
925 1713 1001 1776 Osos
1018 1715 1090 1776 Pan·

89 1799 195 1860 monica
212 1799 310 1877 lingua
329 1802 462 1877 coarguit
478 1819 537 1862 non
558 1818 626 1861 esse
645 1799 822 1877 Germanos,
844 1809 874 1860 et
893 1798 969 1880 quod
985 1797 1091 1860 tributa

88 1883 245 1963 patiuntur.
284 1893 394 1963 partem
416 1883 584 1946 tributorum
609 1885 773 1961 Sarmatae,
803 1892 914 1962 partem
943 1881 1034 1960 Quadi
1061 1890 1115 1942 utu

88 1966 263 2042 alienigenis
284 1968 445 2044 imponunt:
473 1965 586 2042 Cotini,
609 1985 666 2046 quo
681 1965 774 2044 magis
796 1967 918 2046 pudeat,
940 1976 970 2028 et
983 1966 1113 2039 ferrump

88 2047 237 2111 effodiunt.
269 2065 428 2128 omnesque
444 2049 474 2112 bi
494 2049 597 2128 populi
612 2067 705 2128 pauca
720 2052 939 2129 campestrium,
963 2059 1091 2111 cetemm

90 2133 183 2196 saltus
204 2142 233 2192 et
253 2134 381 2196 vertices
401 2133 537 2196 montium
559 2133 740 2212 {iugumque}
767 2132 944 2194 insederunt.
988 2133 1092 2194 dirimit

89 2218 165 2278 enim
192 2217 354 2296 scinditque
374 2216 509 2280 Suebiam
535 2216 699 2278 continuum
717 2217 854 2278 montium
874 2217 987 2294 iugum,
1016 2217 1091 2278 ultra

90 2300 168 2380 quod
189 2301 330 2380 plurimae
346 2312 452 2380 gentes
472 2310 577 2380 agunt,
602 2320 639 2364 ex
662 2299 765 2380 quibus
783 2301 923 2362 latissime
937 2309 1018 2380 patet
1036 2299 1089 2360 bu·
1103 2316 1128 2357 ro

89 2386 204 2463 giorum
232 2402 337 2446 nomen
365 2387 393 2446 iu
417 2386 517 2466 plures
539 2386 674 2446 ciuitates
700 2385 842 2446 diffusum.
879 2383 1093 2445 valentissimas

89 2467 258 2528 nominasse
274 2467 417 2544 sufficiet,
435 2467 558 2545 Marios,
578 2468 782 2543 Helveconas‚
797 2468 955 2543 Manimos‚
970 2467 1091 2543 illicior,

87 2550 320 2613 Nabanarualos.
353 2551 427 2630 apud
441 2550 661 2613 llabanarralos
682 2551 816 2629 antiquae
836 2550 989 2628 religionis
1009 2551 1093 2612 lucus

90 2634 261 2698 ostenditur.
291 2634 438 2716 praesidet
454 2634 594 2696 sacerdos
609 2633 742 2696 muliebri
761 2643 880 2714 ornatu,
898 2633 950 2696 scd
965 2635 1037 2698 deos
1052 2636 1092 2696 in·

88 2721 299 2797 terpretatioue
314 2721 445 2782 Romana
461 2719 612 2782 castorem
626 2719 835 2799 Pollucemque
854 2729 1021 2782 memorant.
1055 2737 1090 2780 ea
1103 2734 1151 2782 aaa
1267 2719 1268 2726 ’

88 2804 274 2880 sistamini,
295 2822 400 2868 nomen
421 2803 514 2865 Alcis.
544 2803 623 2866 nulla
644 2803 814 2882 simulacra,
835 2803 943 2864 nullum
958 2803 1091 2884 peregri·

88 2905 146 2946 nae
166 2889 379 2964 superstitionis
400 2889 570 2966 vestigium3
600 2895 630 2949 ut
649 2888 755 2949 iratres
780 2897 894 2965 tamen,
917 2897 948 2948 ut
970 2889 1091 2948 iuuenes

45 2982 48 2986 ’
89 2979 274 3032 venerantur.
303 2981 432 3035 ceterum
451 2973 531 3034 Marii
553 2973 757 3051 superrima,
784 2973 887 3052 quibua
909 2979 1092 3032 enumeratos

88 3053 180 3134 paulo
196 3062 263 3117 ante
281 3057 409 3137 populos
425 3056 612 3132 antecedunt,
629 3066 727 3117 truces
742 3058 845 3117 insitae
860 3055 966 3117 feritati
980 3062 1040 3115 arte
1055 3065 1125 3122 ac(

87 3148 224 3215 tempore
240 3139 457 3204 lenocinantur:
480 3139 562 3218 nigra
581 3149 676 3217 scuta,
692 3140 781 3200 tincta
797 3155 940 3221 corpora;
962 3147 1038 3199 amas
1054 3137 1090 3198 ad
1100 3155 1125 3196 ao

86 3221 203 3300 proelia
221 3231 326 3284 noctes
339 3224 441 3301 legunt
455 3225 577 3305 ipsaque
596 3223 749 3284 tormidine
764 3233 852 3304 atque
873 3222 971 3283 umbra
990 3220 1090 3282 feralis

87 3305 238 3368 exercitus
253 3316 397 3368 torrorem
411 3307 551 3385 inierunt,
572 3307 652 3369 nullo
667 3307 792 3370 bostium
808 3308 967 3367 sustinente
983 3321 1089 3367 uorum

86 3407 124 3449 ac
138 3389 219 3450 velut
235 3391 376 3453 infernum
391 3390 575 3472 adspectum
592 3410 657 3453 nam
671 3391 754 3469 primi
770 3391 799 3450 in
816 3389 949 3450 omnibus
967 3389 1090 3470 proeliis

87 3472 167 3534 oculi
185 3474 344 3537 vincuntur.

131 3576 220 3616 rucrrr
233 3579 304 3620 raas
319 3580 346 3618 u.
607 3631 610 3638 Ι
881 3557 918 3615 tt
