2580 3900
243 187 305 246 210
468 197 633 246 cononum·
649 197 767 246 umcrrr
784 197 987 246 cununurnn

307 355 359 416 44.
386 352 478 415 Trans
493 352 602 430 Lugios
623 349 752 414 Gotones
771 361 946 432 regnantur,
970 354 1057 432 paulo
1079 355 1133 414 iam
1152 357 1243 422 uddu-

245 441 319 499 ctius
335 455 420 517 quam
441 444 558 496 ceterae
577 435 782 497 Germanorum
797 447 919 516 gentes,
940 437 1064 498 nondum
1085 449 1181 500 tamen
1197 461 1243 501 su·

244 539 298 600 pra
312 521 486 582 libertatem.
519 520 649 598 protinus
665 520 768 582 deinde
788 521 824 581 ab
843 520 961 580 Oceano
980 522 1067 599 Rugii
1091 533 1120 582 et
1139 523 1242 584 Lemo·

244 607 297 676 vii;
321 605 502 683 omniumque
520 603 618 664 harum
638 608 766 682 gentium
788 605 901 682 insigne
918 604 1038 665 rotunda
1059 616 1158 685 scuta,
1177 607 1237 668 bre·

221 707 296 754 rues
312 687 399 766 gladii
416 697 445 748 et
462 705 532 766 erga
548 706 636 765 reges
653 687 831 768 obsequium.

306 773 440 834 Suionum
454 769 521 832 hinc
538 773 684 850 civitates,
707 774 779 833 sitae
797 775 826 833 in
845 772 1006 851 Oceanum,
1029 784 1145 853 praeter
1162 778 1243 836 viros

243 875 380 936 armaque
407 856 548 917 classibus
574 854 700 922 valent.¹
722 856 814 918 iorma
838 858 950 916 navium
977 876 1013 919 eo
1043 859 1139 919 differt
1164 861 1241 938 quod

242 943 383 1021 utrimque
405 958 492 1020 prora
510 949 637 1020 paratam
656 957 771 1020 semper
793 941 925 1020 adpulsui
941 942 1064 1002 frontem
1088 943 1157 1020 agit.
1187 963 1242 1004 nec

48 1083 53 1102 ,
242 1025 317 1085 velis
338 1025 498 1084 ministrant
519 1042 574 1083 nec
590 1041 687 1084 remos
706 1027 736 1084 in
759 1024 887 1085 ordinem
911 1024 1051 1086 lateribus
1069 1026 1227 1104 adiungunt

47 1113 57 1190 l
107 1117 136 1154 '⁵¹
169 1142 176 1161 ι
209 1109 384 1186 resolutum,
413 1118 443 1177 ut
470 1109 497 1167 iu
524 1107 691 1187 quibusdam
714 1109 875 1186 lluminum,
904 1117 933 1168 et
954 1109 1107 1186 mutabile,
1132 1119 1164 1170 ut
1193 1130 1241 1170 res

48 1199 49 1202 ’
243 1193 354 1272 poscit,
382 1191 449 1254 hine
473 1191 520 1251 vel
542 1192 623 1252 illinc
644 1192 804 1270 remigium.
827 1201 872 1252 est
893 1193 968 1272 apud
989 1194 1057 1254 illos
1081 1203 1110 1254 et
1136 1194 1241 1273 opibus

241 1277 351 1354 bonos,
374 1291 469 1354 eoque
487 1293 558 1335 unus
574 1277 733 1356 imperitat,
757 1277 842 1337 nullis
858 1278 914 1336 iam
931 1276 1168 1357 exceptionibus,
1185 1296 1242 1338 non

241 1363 377 1441 precario
398 1363 461 1420 iure
484 1359 613 1439 parendi.
648 1378 705 1419 nec
726 1377 820 1438 arma,
838 1369 870 1420 ut
888 1361 965 1439 apud
985 1370 1103 1422 ceteros
1124 1361 1240 1423 Germa·

242 1461 312 1522 nos,
331 1447 359 1505 in
376 1444 536 1522 promisco,
558 1443 610 1504 sed
627 1444 725 1505 clausa
740 1444 792 1504 sub
809 1444 947 1520 custode,
962 1453 994 1504 et
1010 1444 1127 1523 quidem
1142 1463 1240 1521 seruo,

208 1530 309 1609 asquia
335 1527 448 1588 subitos
476 1526 600 1587 hostium
623 1529 756 1588 incursus
780 1526 917 1606 probibet
942 1528 1093 1606 Oceanus,
1127 1531 1241 1591 otiosae

241 1630 332 1692 porro
355 1620 528 1672 armatorum
551 1629 650 1672 manus
674 1612 761 1672 facile
783 1611 951 1673 lasciviunt:
977 1615 1124 1673 enimvero
1146 1632 1241 1693 neque

242 1694 368 1755 nobilem
383 1712 478 1774 neque
493 1695 662 1774 ingenuum,
683 1713 719 1754 ne
737 1692 899 1755 libertinum
917 1695 1030 1774 quidem
1052 1697 1137 1758 armis
1155 1716 1239 1777 prae-

243 1797 355 1858 ponere
371 1779 453 1855 regia
469 1777 575 1838 utilitas
592 1787 646 1838 est.

304 1863 355 1924 45.
379 1862 471 1923 Trans
493 1862 616 1922 Suionas
636 1861 713 1922 aliud
728 1880 821 1940 mare,
848 1865 960 1942 pigrum
984 1882 1019 1923 ac
1036 1882 1130 1944 prope
1150 1865 1238 1926 inmo-

242 1957 315 2024 tum,
343 1964 400 2024 quo
421 1946 496 2022 cingi
521 1945 656 2025 cludique
677 1955 827 2007 terrarum*
840 1946 944 2008 orbem
962 1946 1028 2007 hinc
1049 1948 1138 2026 lides,
1163 1948 1239 2028 quod

243 2040 389 2090 extremus
410 2029 538 2090 cadentis
554 2029 610 2089 iam
627 2029 698 2090 solis
713 2030 812 2108 lulgor
827 2033 856 2091 in
871 2040 963 2092 ortum
976 2031 1076 2092 edurat
1092 2031 1165 2092 adeo
1183 2033 1238 2092 cla·

242 2133 305 2194 rus,
321 2123 351 2174 ut
368 2114 464 2176 sidera
478 2113 611 2184 hebetet;
633 2131 735 2174 sonum
751 2115 871 2194 insuper
886 2117 1062 2193 emergentis
1077 2115 1167 2176 audiri
1182 2116 1238 2176 ior-

218 2217 363 2278 umaeque
382 2198 519 2258 decorem
539 2206 571 2257 et
589 2197 686 2258 radios
708 2199 811 2277 capitis
837 2197 949 2277 adspici
971 2200 1122 2277 persuasio
1145 2199 1249 2260 adicit!

240 2282 311 2343 illuc
331 2300 442 2360 usque,
466 2290 495 2342 et
514 2281 589 2341 lama
606 2299 692 2359 uera,
715 2290 821 2342 tantum
838 2291 945 2342 natura.
976 2300 1049 2360 ergo
1066 2284 1121 2344 iam
1138 2284 1240 2344 dextro

242 2364 359 2427 Suebici
375 2366 461 2425 maris
483 2365 568 2425 litore
584 2365 750 2426 Aestiorum
770 2375 876 2443 gentes
893 2364 1060 2445 adluuntur,
1084 2367 1186 2446 quibus
1203 2369 1239 2426 ri-

241 2461 287 2519 tus
310 2448 484 2529 habitusque
504 2447 681 2527 Sueborum,
703 2449 800 2528 lingua
821 2449 1003 2509 Britannicae
1024 2453 1154 2530 propior.
1183 2469 1238 2510 ma·

240 2545 314 2595 trem
336 2534 420 2594 deum
444 2542 627 2594 venerantur.
660 2534 773 2611 insigne
794 2533 1008 2612 superstitionis
1026 2535 1133 2598 formas
1155 2553 1238 2616 apro·

207 2636 302 2686 uorum
316 2626 447 2694 gestant:
467 2617 495 2676 id
511 2634 564 2694 pro
580 2619 665 2677 armis
681 2618 816 2696 omnique
837 2617 925 2678 tutela
941 2635 1072 2678 securum
1088 2618 1161 2679 deae
1180 2618 1238 2678 cul·

241 2711 335 2762 torem
357 2701 441 2762 etiam
457 2701 531 2760 inter
549 2699 640 2760 lrostis
661 2710 799 2780 praestat.
829 2719 912 2761 rarus
933 2702 1020 2780 lerri,
1040 2702 1178 2780 frequens
1198 2703 1239 2762 lu·

242 2787 325 2846 atium
338 2803 416 2844 usus.
444 2784 584 2845 frumenta
601 2793 775 2863 ceterosque
789 2784 900 2846 fructus
918 2786 1072 2864 patientius
1089 2803 1173 2865 quam
1187 2803 1239 2864 pro

243 2869 327 2930 solita
346 2868 550 2929 Germanorum
566 2868 668 2929 inertia
687 2868 829 2929 laborant.
859 2868 911 2929 sed
928 2877 957 2928 et
971 2885 1049 2929 mare
1067 2877 1238 2943 scrutentur,

241 2973 276 3014 ao
291 2953 347 3013 soli
360 2953 482 3013 omnium
496 2951 641 3028 sucinum,
659 2952 736 3032 quod
749 2954 805 3032 ipsi
821 2952 934 3030 glesum
949 2962 1067 3031 vocant,
1083 2954 1158 3013 inter
1169 2953 1238 3012 uada

206 3047 327 3118 statque
347 3039 376 3096 in
398 3039 462 3115 ipso
489 3037 575 3097 litore
596 3034 705 3114 legunt.
737 3054 792 3096 nec
814 3054 888 3115 quae
908 3046 1008 3097 natura
1031 3054 1144 3117 quaere
1166 3039 1238 3096 ratio

241 3124 357 3200 gignat,
376 3129 405 3180 ut
420 3120 567 3197 barbaris,
584 3121 743 3199 quaesitum
760 3130 990 3200 compertumve;
1007 3119 1054 3180 diu
1070 3121 1140 3200 quin
1156 3122 1237 3180 etiam

241 3207 315 3264 inter
334 3214 432 3266 cetera
448 3205 637 3265 eiectamenta
655 3206 740 3265 maris
758 3204 883 3282 iacebat,
904 3204 998 3264 donec
1014 3204 1126 3265 luxuria
1142 3214 1237 3264 nostra

242 3289 319 3348 dedit
339 3307 453 3350 nomeu.
485 3288 556 3368 ipsis
573 3288 602 3346 in
618 3288 696 3349 nullo
719 3308 786 3349 usu:
803 3288 873 3348 rude
889 3289 1013 3365 legitur,
1037 3288 1159 3347 iulcrme
1175 3305 1237 3366 per-

241 3373 349 3450 fertur,
372 3377 551 3452 pretiumque
573 3373 709 3434 mirantes
731 3374 885 3451 accipiunt.
921 3388 1017 3431 sucum
1039 3379 1133 3430 tamen
1155 3371 1237 3431 arbo·

207 3473 304 3523 aarum
321 3473 387 3516 esse
403 3458 574 3535 intellegas,
591 3458 656 3536 quia
673 3467 788 3517 terrena
802 3455 940 3533 quaedam
957 3462 1042 3532 atque
1060 3454 1144 3514 etiam
1158 3455 1235 3514 volu·
