<?xml version="1.0" encoding="UTF-8"?>
<!DOCTYPE html PUBLIC "-//W3C//DTD XHTML 1.0 Transitional//EN"
    "http://www.w3.org/TR/xhtml1/DTD/xhtml1-transitional.dtd">
<html xmlns="http://www.w3.org/1999/xhtml" xml:lang="en" lang="en">
 <head>
  <title>
</title>
<meta http-equiv="Content-Type" content="text/html;charset=utf-8" />
  <meta name='ocr-system' content='tesseract 3.04.00' />
  <meta name='ocr-capabilities' content='ocr_page ocr_carea ocr_par ocr_line ocrx_word'/>
</head>
<body>
  <div class='ocr_page' id='page_1' title='image "./germaniaagricol01tacigoog_0023.png"; bbox 0 0 2580 3900; ppageno 0'>
   <div class='ocr_carea' id='block_1_1' title="bbox 140 185 897 278">
    <p class='ocr_par' dir='ltr' id='par_1_1' title="bbox 140 185 897 278">
     <span class='ocr_line' id='line_1_1' title="bbox 140 185 897 278; baseline -0.011 0"><span class='ocrx_word' id='word_1_1' title='bbox 140 217 201 278; x_wconf 81' lang='lat'>204</span> <span class='ocrx_word' id='word_1_2' title='bbox 378 225 544 273; x_wconf 78' lang='lat' dir='ltr'>connum</span> <span class='ocrx_word' id='word_1_3' title='bbox 560 185 897 274; x_wconf 69' lang='lat' dir='ltr'>caemraannranrarr</span> 
     </span>
    </p>
   </div>
   <div class='ocr_carea' id='block_1_2' title="bbox 105 379 1148 1716">
    <p class='ocr_par' dir='ltr' id='par_1_2' title="bbox 138 379 1143 624">
     <span class='ocr_line' id='line_1_2' title="bbox 139 379 1143 459; baseline -0.004 -15"><span class='ocrx_word' id='word_1_4' title='bbox 139 382 265 444; x_wconf 91' lang='lat' dir='ltr'>moribus</span> <span class='ocrx_word' id='word_1_5' title='bbox 282 391 413 459; x_wconf 89' lang='lat' dir='ltr'>utantur,</span> <span class='ocrx_word' id='word_1_6' title='bbox 431 381 568 441; x_wconf 88' lang='lat' dir='ltr'>incertum</span> <span class='ocrx_word' id='word_1_7' title='bbox 584 387 640 455; x_wconf 88' lang='lat' dir='ltr'>est,</span> <span class='ocrx_word' id='word_1_8' title='bbox 657 380 722 457; x_wconf 90' lang='lat' dir='ltr'>quia</span> <span class='ocrx_word' id='word_1_9' title='bbox 735 380 798 458; x_wconf 91' lang='lat' dir='ltr'>pari</span> <span class='ocrx_word' id='word_1_10' title='bbox 813 379 881 438; x_wconf 95' lang='lat' dir='ltr'>olim</span> <span class='ocrx_word' id='word_1_11' title='bbox 895 379 991 458; x_wconf 92' lang='lat' dir='ltr'>inopia</span> <span class='ocrx_word' id='word_1_12' title='bbox 1005 397 1041 440; x_wconf 92' lang='lat' dir='ltr'>ac</span> <span class='ocrx_word' id='word_1_13' title='bbox 1054 379 1143 441; x_wconf 83' lang='lat' dir='ltr'>liber·</span> 
     </span>
     <span class='ocr_line' id='line_1_3' title="bbox 139 462 1143 544; baseline -0.004 -16"><span class='ocrx_word' id='word_1_14' title='bbox 139 476 198 528; x_wconf 89' lang='lat' dir='ltr'>tate</span> <span class='ocrx_word' id='word_1_15' title='bbox 217 465 319 527; x_wconf 90' lang='lat' dir='ltr'>eadem</span> <span class='ocrx_word' id='word_1_16' title='bbox 335 467 484 544; x_wconf 88' lang='lat' dir='ltr'>utriusque</span> <span class='ocrx_word' id='word_1_17' title='bbox 505 464 587 542; x_wconf 82' lang='lat' dir='ltr'>ripae</span> <span class='ocrx_word' id='word_1_18' title='bbox 608 463 685 524; x_wconf 90' lang='lat' dir='ltr'>bona</span> <span class='ocrx_word' id='word_1_19' title='bbox 700 462 834 541; x_wconf 88' lang='lat' dir='ltr'>malaque</span> <span class='ocrx_word' id='word_1_20' title='bbox 852 473 943 523; x_wconf 88' lang='lat' dir='ltr'>erant.</span> <span class='ocrx_word' id='word_1_21' title='bbox 976 463 1099 524; x_wconf 84' lang='lat' dir='ltr'>Treveri</span> <span class='ocrx_word' id='word_1_22' title='bbox 1114 474 1143 524; x_wconf 72' lang='lat' dir='ltr'>et</span> 
     </span>
     <span class='ocr_line' id='line_1_4' title="bbox 138 546 1143 624; baseline -0.005 -12"><span class='ocrx_word' id='word_1_23' title='bbox 138 551 239 612; x_wconf 84' lang='lat' dir='ltr'>Nervii</span> <span class='ocrx_word' id='word_1_24' title='bbox 260 552 338 611; x_wconf 87' lang='lat' dir='ltr'>circa</span> <span class='ocrx_word' id='word_1_25' title='bbox 362 548 587 610; x_wconf 71' lang='lat' dir='ltr'>adfectationem</span> <span class='ocrx_word' id='word_1_26' title='bbox 603 546 791 608; x_wconf 79' lang='lat' dir='ltr'>Germanicae</span> <span class='ocrx_word' id='word_1_27' title='bbox 815 548 936 624; x_wconf 78' lang='lat' dir='ltr'>originis</span> <span class='ocrx_word' id='word_1_28' title='bbox 957 547 1033 608; x_wconf 92' lang='lat' dir='ltr'>ultro</span> <span class='ocrx_word' id='word_1_29' title='bbox 1055 548 1143 608; x_wconf 89' lang='lat' dir='ltr'>ambi·</span> 
     </span>
    </p>

    <p class='ocr_par' dir='ltr' id='par_1_3' title="bbox 105 627 1148 1047">
     <span class='ocr_line' id='line_1_5' title="bbox 105 627 1141 710; baseline -0.004 -14"><span class='ocrx_word' id='word_1_30' title='bbox 105 636 207 696; x_wconf 73' lang='lat' dir='ltr'>otiosi</span> <span class='ocrx_word' id='word_1_31' title='bbox 230 642 310 710; x_wconf 90' lang='lat' dir='ltr'>sunt,</span> <span class='ocrx_word' id='word_1_32' title='bbox 328 642 471 710; x_wconf 80' lang='lat' dir='ltr'><strong>tamquam</strong></span> <span class='ocrx_word' id='word_1_33' title='bbox 490 649 543 710; x_wconf 90' lang='lat' dir='ltr'>per</span> <span class='ocrx_word' id='word_1_34' title='bbox 567 628 642 691; x_wconf 90' lang='lat' dir='ltr'>hano</span> <span class='ocrx_word' id='word_1_35' title='bbox 662 630 786 707; x_wconf 80' lang='lat' dir='ltr'>gloriam</span> <span class='ocrx_word' id='word_1_36' title='bbox 808 627 957 708; x_wconf 78' lang='lat' dir='ltr'>sanguinis</span> <span class='ocrx_word' id='word_1_37' title='bbox 977 647 994 691; x_wconf 88' lang='lat' dir='ltr'>a</span> <span class='ocrx_word' id='word_1_38' title='bbox 1011 632 1141 692; x_wconf 90' lang='lat' dir='ltr'>similitu-</span> 
     </span>
     <span class='ocr_line' id='line_1_6' title="bbox 140 713 1145 794; baseline -0.004 -15"><span class='ocrx_word' id='word_1_39' title='bbox 140 719 205 780; x_wconf 91' lang='lat' dir='ltr'>dine</span> <span class='ocrx_word' id='word_1_40' title='bbox 219 727 248 778; x_wconf 89' lang='lat' dir='ltr'>et</span> <span class='ocrx_word' id='word_1_41' title='bbox 266 717 368 777; x_wconf 90' lang='lat' dir='ltr'>inertia</span> <span class='ocrx_word' id='word_1_42' title='bbox 381 715 529 777; x_wconf 79' lang='lat' dir='ltr'>Gallorum</span> <span class='ocrx_word' id='word_1_43' title='bbox 543 723 725 794; x_wconf 80' lang='lat' dir='ltr'><strong>separentur.</strong></span> <span class='ocrx_word' id='word_1_44' title='bbox 746 715 839 792; x_wconf 84' lang='lat' dir='ltr'>ipsam</span> <span class='ocrx_word' id='word_1_45' title='bbox 851 713 945 776; x_wconf 84' lang='lat' dir='ltr'>Rheni</span> <span class='ocrx_word' id='word_1_46' title='bbox 962 717 1054 794; x_wconf 84' lang='lat' dir='ltr'>ripam</span> <span class='ocrx_word' id='word_1_47' title='bbox 1067 715 1145 776; x_wconf 91' lang='lat' dir='ltr'>haud</span> 
     </span>
     <span class='ocr_line' id='line_1_7' title="bbox 140 796 1143 878; baseline -0.003 -15"><span class='ocrx_word' id='word_1_48' title='bbox 140 800 226 864; x_wconf 91' lang='lat' dir='ltr'>dubie</span> <span class='ocrx_word' id='word_1_49' title='bbox 243 800 448 862; x_wconf 86' lang='lat' dir='ltr'>Germanorrun</span> <span class='ocrx_word' id='word_1_50' title='bbox 468 798 569 878; x_wconf 92' lang='lat' dir='ltr'>populi</span> <span class='ocrx_word' id='word_1_51' title='bbox 593 798 708 876; x_wconf 89' lang='lat' dir='ltr'>colunt,</span> <span class='ocrx_word' id='word_1_52' title='bbox 725 796 910 876; x_wconf 81' lang='lat' dir='ltr'>Vangiones,</span> <span class='ocrx_word' id='word_1_53' title='bbox 934 798 1067 876; x_wconf 80' lang='lat' dir='ltr'>Triboci,</span> <span class='ocrx_word' id='word_1_54' title='bbox 1084 799 1143 864; x_wconf 87' lang='lat' dir='ltr'>Ne-</span> 
     </span>
     <span class='ocr_line' id='line_1_8' title="bbox 139 882 1141 963; baseline -0.008 -17"><span class='ocrx_word' id='word_1_55' title='bbox 139 893 240 946; x_wconf 88' lang='lat' dir='ltr'>metes.</span> <span class='ocrx_word' id='word_1_56' title='bbox 268 903 305 944; x_wconf 92' lang='lat' dir='ltr'>ne</span> <span class='ocrx_word' id='word_1_57' title='bbox 319 884 386 946; x_wconf 91' lang='lat' dir='ltr'>Ubii</span> <span class='ocrx_word' id='word_1_58' title='bbox 399 883 522 963; x_wconf 87' lang='lat' dir='ltr'>quidem,</span> <span class='ocrx_word' id='word_1_59' title='bbox 539 900 709 961; x_wconf 88' lang='lat' dir='ltr'>quamquam</span> <span class='ocrx_word' id='word_1_60' title='bbox 723 883 851 943; x_wconf 91' lang='lat' dir='ltr'>Romana</span> <span class='ocrx_word' id='word_1_61' title='bbox 868 882 984 942; x_wconf 91' lang='lat' dir='ltr'>colonia</span> <span class='ocrx_word' id='word_1_62' title='bbox 1001 901 1069 946; x_wconf 88' lang='lat' dir='ltr'>esse</span> <span class='ocrx_word' id='word_1_63' title='bbox 1083 899 1141 944; x_wconf 53' lang='lat' dir='ltr'>mec</span> 
     </span>
     <span class='ocr_line' id='line_1_9' title="bbox 140 966 1148 1047; baseline -0.006 -15"><span class='ocrx_word' id='word_1_64' title='bbox 140 970 249 1032; x_wconf 89' lang='lat' dir='ltr'>ruerint</span> <span class='ocrx_word' id='word_1_65' title='bbox 275 987 310 1030; x_wconf 90' lang='lat' dir='ltr'>ac</span> <span class='ocrx_word' id='word_1_66' title='bbox 339 968 475 1028; x_wconf 90' lang='lat' dir='ltr'>libentius</span> <span class='ocrx_word' id='word_1_67' title='bbox 503 966 736 1047; x_wconf 75' lang='lat' dir='ltr'>Agrippinenses</span> <span class='ocrx_word' id='word_1_68' title='bbox 772 967 931 1027; x_wconf 89' lang='lat' dir='ltr'>conditoris</span> <span class='ocrx_word' id='word_1_69' title='bbox 957 968 1148 1027; x_wconf 89' lang='lat' dir='ltr'>suinomine</span> 
     </span>
    </p>

    <p class='ocr_par' dir='ltr' id='par_1_4' title="bbox 106 1050 1146 1282">
     <span class='ocr_line' id='line_1_10' title="bbox 106 1050 1144 1130; baseline -0.006 -14"><span class='ocrx_word' id='word_1_70' title='bbox 106 1077 131 1118; x_wconf 87' lang='lat' dir='ltr'>rc</span> <span class='ocrx_word' id='word_1_71' title='bbox 141 1063 293 1129; x_wconf 86' lang='lat' dir='ltr'>vocentur,</span> <span class='ocrx_word' id='word_1_72' title='bbox 307 1054 422 1130; x_wconf 81' lang='lat' dir='ltr'>origine</span> <span class='ocrx_word' id='word_1_73' title='bbox 433 1050 618 1128; x_wconf 90' lang='lat' dir='ltr'>erubescunt,</span> <span class='ocrx_word' id='word_1_74' title='bbox 631 1053 807 1128; x_wconf 75' lang='lat' dir='ltr'>transgressi</span> <span class='ocrx_word' id='word_1_75' title='bbox 820 1051 887 1111; x_wconf 92' lang='lat' dir='ltr'>olim</span> <span class='ocrx_word' id='word_1_76' title='bbox 900 1059 929 1110; x_wconf 92' lang='lat' dir='ltr'>et</span> <span class='ocrx_word' id='word_1_77' title='bbox 942 1051 1144 1130; x_wconf 88' lang='lat' dir='ltr'>experimento</span> 
     </span>
     <span class='ocr_line' id='line_1_11' title="bbox 140 1133 1146 1215; baseline -0.01 -17"><span class='ocrx_word' id='word_1_78' title='bbox 140 1136 207 1198; x_wconf 92' lang='lat' dir='ltr'>lidei</span> <span class='ocrx_word' id='word_1_79' title='bbox 223 1155 311 1215; x_wconf 87' lang='lat' dir='ltr'>super</span> <span class='ocrx_word' id='word_1_80' title='bbox 326 1137 418 1215; x_wconf 90' lang='lat' dir='ltr'>ipsam</span> <span class='ocrx_word' id='word_1_81' title='bbox 433 1136 526 1196; x_wconf 86' lang='lat' dir='ltr'>Rheni</span> <span class='ocrx_word' id='word_1_82' title='bbox 542 1137 631 1212; x_wconf 91' lang='lat' dir='ltr'>ripam</span> <span class='ocrx_word' id='word_1_83' title='bbox 653 1133 806 1212; x_wconf 90' lang='lat' dir='ltr'>collocati,</span> <span class='ocrx_word' id='word_1_84' title='bbox 823 1144 855 1195; x_wconf 93' lang='lat' dir='ltr'>ut</span> <span class='ocrx_word' id='word_1_85' title='bbox 874 1143 1025 1212; x_wconf 87' lang='lat' dir='ltr'>arcerent,</span> <span class='ocrx_word' id='word_1_86' title='bbox 1039 1152 1097 1195; x_wconf 92' lang='lat' dir='ltr'>non</span> <span class='ocrx_word' id='word_1_87' title='bbox 1113 1143 1146 1192; x_wconf 82' lang='lat' dir='ltr'>ut</span> 
     </span>
     <span class='ocr_line' id='line_1_12' title="bbox 142 1220 363 1282; baseline 0 -2"><span class='ocrx_word' id='word_1_88' title='bbox 142 1220 363 1282; x_wconf 80' lang='lat' dir='ltr'>custodirentur.</span> 
     </span>
    </p>

    <p class='ocr_par' dir='ltr' id='par_1_5' title="bbox 141 1301 1146 1635">
     <span class='ocr_line' id='line_1_13' title="bbox 201 1301 1146 1381; baseline -0.004 -17"><span class='ocrx_word' id='word_1_89' title='bbox 201 1305 251 1368; x_wconf 81' lang='lat'>29.</span> <span class='ocrx_word' id='word_1_90' title='bbox 272 1302 400 1364; x_wconf 88' lang='lat' dir='ltr'>Omnium</span> <span class='ocrx_word' id='word_1_91' title='bbox 431 1302 529 1362; x_wconf 92' lang='lat' dir='ltr'>burum</span> <span class='ocrx_word' id='word_1_92' title='bbox 562 1303 691 1378; x_wconf 81' lang='lat' dir='ltr'>gentium</span> <span class='ocrx_word' id='word_1_93' title='bbox 723 1302 829 1361; x_wconf 88' lang='lat' dir='ltr'>virtute</span> <span class='ocrx_word' id='word_1_94' title='bbox 856 1303 1007 1381; x_wconf 86' lang='lat' dir='ltr'>praecipui</span> <span class='ocrx_word' id='word_1_95' title='bbox 1043 1301 1146 1362; x_wconf 86' lang='lat' dir='ltr'>Batavi</span> 
     </span>
     <span class='ocr_line' id='line_1_14' title="bbox 141 1384 1143 1466; baseline -0.005 -17"><span class='ocrx_word' id='word_1_96' title='bbox 141 1407 199 1449; x_wconf 94' lang='lat' dir='ltr'>non</span> <span class='ocrx_word' id='word_1_97' title='bbox 214 1387 330 1447; x_wconf 90' lang='lat' dir='ltr'>multum</span> <span class='ocrx_word' id='word_1_98' title='bbox 346 1404 383 1446; x_wconf 83' lang='lat' dir='ltr'>en</span> <span class='ocrx_word' id='word_1_99' title='bbox 400 1387 480 1466; x_wconf 89' lang='lat' dir='ltr'>ripa,</span> <span class='ocrx_word' id='word_1_100' title='bbox 502 1386 554 1446; x_wconf 88' lang='lat' dir='ltr'>sed</span> <span class='ocrx_word' id='word_1_101' title='bbox 568 1385 688 1445; x_wconf 90' lang='lat' dir='ltr'>insulam</span> <span class='ocrx_word' id='word_1_102' title='bbox 703 1385 797 1446; x_wconf 84' lang='lat' dir='ltr'>Rheni</span> <span class='ocrx_word' id='word_1_103' title='bbox 819 1387 908 1446; x_wconf 86' lang='lat' dir='ltr'>amnis</span> <span class='ocrx_word' id='word_1_104' title='bbox 924 1386 1038 1464; x_wconf 87' lang='lat' dir='ltr'>colunt,</span> <span class='ocrx_word' id='word_1_105' title='bbox 1058 1384 1143 1446; x_wconf 83' lang='lat' dir='ltr'>Ghat-</span> 
     </span>
     <span class='ocr_line' id='line_1_15' title="bbox 141 1469 1144 1552; baseline -0.004 -21"><span class='ocrx_word' id='word_1_106' title='bbox 141 1484 234 1533; x_wconf 88' lang='lat' dir='ltr'>torum</span> <span class='ocrx_word' id='word_1_107' title='bbox 249 1471 392 1552; x_wconf 87' lang='lat' dir='ltr'>quondam</span> <span class='ocrx_word' id='word_1_108' title='bbox 409 1470 534 1549; x_wconf 88' lang='lat' dir='ltr'>populus</span> <span class='ocrx_word' id='word_1_109' title='bbox 549 1478 579 1530; x_wconf 92' lang='lat' dir='ltr'>et</span> <span class='ocrx_word' id='word_1_110' title='bbox 601 1470 745 1530; x_wconf 86' lang='lat' dir='ltr'>seditione</span> <span class='ocrx_word' id='word_1_111' title='bbox 764 1469 923 1532; x_wconf 90' lang='lat' dir='ltr'>domestica</span> <span class='ocrx_word' id='word_1_112' title='bbox 945 1471 974 1530; x_wconf 96' lang='lat' dir='ltr'>in</span> <span class='ocrx_word' id='word_1_113' title='bbox 989 1488 1041 1531; x_wconf 89' lang='lat' dir='ltr'>eas</span> <span class='ocrx_word' id='word_1_114' title='bbox 1056 1470 1144 1530; x_wconf 85' lang='lat' dir='ltr'>sedes</span> 
     </span>
     <span class='ocr_line' id='line_1_16' title="bbox 141 1554 1144 1635; baseline -0.004 -19"><span class='ocrx_word' id='word_1_115' title='bbox 141 1567 357 1634; x_wconf 84' lang='lat' dir='ltr'>transgressus,</span> <span class='ocrx_word' id='word_1_116' title='bbox 380 1557 407 1614; x_wconf 93' lang='lat' dir='ltr'>in</span> <span class='ocrx_word' id='word_1_117' title='bbox 430 1554 532 1635; x_wconf 88' lang='lat' dir='ltr'>quibus</span> <span class='ocrx_word' id='word_1_118' title='bbox 553 1571 621 1634; x_wconf 89' lang='lat' dir='ltr'>pars</span> <span class='ocrx_word' id='word_1_119' title='bbox 641 1554 764 1615; x_wconf 92' lang='lat' dir='ltr'>Romani</span> <span class='ocrx_word' id='word_1_120' title='bbox 779 1555 891 1634; x_wconf 90' lang='lat' dir='ltr'>imperii</span> <span class='ocrx_word' id='word_1_121' title='bbox 908 1555 1020 1615; x_wconf 87' lang='lat' dir='ltr'>lierent.</span> <span class='ocrx_word' id='word_1_122' title='bbox 1049 1563 1144 1617; x_wconf 85' lang='lat' dir='ltr'>manet</span> 
     </span>
    </p>

    <p class='ocr_par' dir='ltr' id='par_1_6' title="bbox 117 1638 1142 1716">
     <span class='ocr_line' id='line_1_17' title="bbox 117 1638 1142 1716; baseline 0 -20"><span class='ocrx_word' id='word_1_123' title='bbox 117 1641 235 1700; x_wconf 69' lang='lat' dir='ltr'>thonos</span> <span class='ocrx_word' id='word_1_124' title='bbox 258 1649 287 1699; x_wconf 86' lang='lat' dir='ltr'>et</span> <span class='ocrx_word' id='word_1_125' title='bbox 308 1641 441 1716; x_wconf 88' lang='lat' dir='ltr'>antiquae</span> <span class='ocrx_word' id='word_1_126' title='bbox 461 1639 611 1697; x_wconf 87' lang='lat' dir='ltr'>societatis</span> <span class='ocrx_word' id='word_1_127' title='bbox 634 1639 762 1714; x_wconf 80' lang='lat' dir='ltr'>insigne:</span> <span class='ocrx_word' id='word_1_128' title='bbox 785 1656 850 1698; x_wconf 87' lang='lat' dir='ltr'>nam</span> <span class='ocrx_word' id='word_1_129' title='bbox 868 1655 924 1696; x_wconf 91' lang='lat' dir='ltr'>nec</span> <span class='ocrx_word' id='word_1_130' title='bbox 944 1638 1058 1698; x_wconf 88' lang='lat' dir='ltr'>tributis</span> <span class='ocrx_word' id='word_1_131' title='bbox 1074 1655 1142 1697; x_wconf 90' lang='lat' dir='ltr'>oon·</span> 
     </span>
    </p>
   </div>
   <div class='ocr_carea' id='block_1_3' title="bbox 141 1720 1251 1799">
    <p class='ocr_par' dir='ltr' id='par_1_7' title="bbox 141 1720 1251 1799">
     <span class='ocr_line' id='line_1_18' title="bbox 141 1720 1251 1799; baseline -0.003 -17"><span class='ocrx_word' id='word_1_132' title='bbox 141 1731 302 1782; x_wconf 89' lang='lat' dir='ltr'>temnuntur</span> <span class='ocrx_word' id='word_1_133' title='bbox 323 1740 379 1781; x_wconf 92' lang='lat' dir='ltr'>nec</span> <span class='ocrx_word' id='word_1_134' title='bbox 393 1720 563 1799; x_wconf 91' lang='lat' dir='ltr'>publicanus</span> <span class='ocrx_word' id='word_1_135' title='bbox 578 1721 690 1781; x_wconf 89' lang='lat' dir='ltr'>atterit:</span> <span class='ocrx_word' id='word_1_136' title='bbox 715 1722 844 1799; x_wconf 89' lang='lat' dir='ltr'>exempti</span> <span class='ocrx_word' id='word_1_137' title='bbox 860 1720 997 1781; x_wconf 89' lang='lat' dir='ltr'>oneribus</span> <span class='ocrx_word' id='word_1_138' title='bbox 1011 1733 1042 1782; x_wconf 88' lang='lat' dir='ltr'>et</span> <span class='ocrx_word' id='word_1_139' title='bbox 1056 1720 1144 1781; x_wconf 92' lang='lat' dir='ltr'>colla·</span> <span class='ocrx_word' id='word_1_140' title='bbox 1249 1785 1251 1792; x_wconf 26' lang='lat'><strong><em>¹</em></strong></span> 
     </span>
    </p>
   </div>
   <div class='ocr_carea' id='block_1_4' title="bbox 110 1803 1148 3557">
    <p class='ocr_par' dir='ltr' id='par_1_8' title="bbox 110 1803 1148 3557">
     <span class='ocr_line' id='line_1_19' title="bbox 142 1803 1145 1883; baseline 0 -19"><span class='ocrx_word' id='word_1_141' title='bbox 142 1806 266 1866; x_wconf 88' lang='lat' dir='ltr'>tionibus</span> <span class='ocrx_word' id='word_1_142' title='bbox 288 1813 316 1864; x_wconf 89' lang='lat' dir='ltr'>et</span> <span class='ocrx_word' id='word_1_143' title='bbox 338 1813 445 1865; x_wconf 90' lang='lat' dir='ltr'>tantum</span> <span class='ocrx_word' id='word_1_144' title='bbox 468 1806 497 1864; x_wconf 92' lang='lat' dir='ltr'>in</span> <span class='ocrx_word' id='word_1_145' title='bbox 520 1822 601 1864; x_wconf 87' lang='lat' dir='ltr'>usum</span> <span class='ocrx_word' id='word_1_146' title='bbox 625 1803 804 1883; x_wconf 90' lang='lat' dir='ltr'>proeliorum</span> <span class='ocrx_word' id='word_1_147' title='bbox 823 1806 962 1883; x_wconf 85' lang='lat' dir='ltr'>sepositi,</span> <span class='ocrx_word' id='word_1_148' title='bbox 981 1806 1062 1866; x_wconf 85' lang='lat' dir='ltr'>uelut</span> <span class='ocrx_word' id='word_1_149' title='bbox 1085 1805 1145 1865; x_wconf 91' lang='lat' dir='ltr'>tela</span> 
     </span>
     <span class='ocr_line' id='line_1_20' title="bbox 142 1888 1145 1969; baseline -0.002 -19"><span class='ocrx_word' id='word_1_150' title='bbox 142 1900 228 1969; x_wconf 88' lang='lat' dir='ltr'>atque</span> <span class='ocrx_word' id='word_1_151' title='bbox 250 1906 346 1967; x_wconf 87' lang='lat' dir='ltr'>arma,</span> <span class='ocrx_word' id='word_1_152' title='bbox 367 1888 454 1948; x_wconf 89' lang='lat' dir='ltr'>bellis</span> <span class='ocrx_word' id='word_1_153' title='bbox 476 1897 672 1949; x_wconf 89' lang='lat' dir='ltr'>reservantur.</span> <span class='ocrx_word' id='word_1_154' title='bbox 708 1891 800 1949; x_wconf 91' lang='lat' dir='ltr'>estin</span> <span class='ocrx_word' id='word_1_155' title='bbox 825 1888 928 1948; x_wconf 91' lang='lat' dir='ltr'>eodem</span> <span class='ocrx_word' id='word_1_156' title='bbox 951 1889 1095 1968; x_wconf 84' lang='lat' dir='ltr'>obsequio</span> <span class='ocrx_word' id='word_1_157' title='bbox 1117 1898 1145 1948; x_wconf 77' lang='lat' dir='ltr'>et</span> 
     </span>
     <span class='ocr_line' id='line_1_21' title="bbox 141 1972 1146 2054; baseline -0.003 -20"><span class='ocrx_word' id='word_1_158' title='bbox 141 1973 341 2034; x_wconf 79' lang='lat' dir='ltr'>Mattiacorum</span> <span class='ocrx_word' id='word_1_159' title='bbox 360 1990 449 2049; x_wconf 78' lang='lat' dir='ltr'>gens:</span> <span class='ocrx_word' id='word_1_160' title='bbox 473 1972 592 2052; x_wconf 89' lang='lat' dir='ltr'>protulit</span> <span class='ocrx_word' id='word_1_161' title='bbox 613 1973 687 2032; x_wconf 90' lang='lat' dir='ltr'>enim</span> <span class='ocrx_word' id='word_1_162' title='bbox 708 1973 874 2050; x_wconf 82' lang='lat' dir='ltr'>magnitudo</span> <span class='ocrx_word' id='word_1_163' title='bbox 901 1974 1003 2054; x_wconf 93' lang='lat' dir='ltr'>populi</span> <span class='ocrx_word' id='word_1_164' title='bbox 1023 1973 1146 2034; x_wconf 88' lang='lat' dir='ltr'>Romani</span> 
     </span>
     <span class='ocr_line' id='line_1_22' title="bbox 110 2055 1145 2137; baseline 0.001 -24"><span class='ocrx_word' id='word_1_165' title='bbox 110 2074 133 2114; x_wconf 80' lang='lat' dir='ltr'>no</span> <span class='ocrx_word' id='word_1_166' title='bbox 141 2057 215 2116; x_wconf 88' lang='lat' dir='ltr'>ultra</span> <span class='ocrx_word' id='word_1_167' title='bbox 233 2055 363 2116; x_wconf 91' lang='lat' dir='ltr'>Rhenum</span> <span class='ocrx_word' id='word_1_168' title='bbox 378 2056 510 2136; x_wconf 86' lang='lat' dir='ltr'>ultraque</span> <span class='ocrx_word' id='word_1_169' title='bbox 526 2066 641 2117; x_wconf 89' lang='lat' dir='ltr'>ueteres</span> <span class='ocrx_word' id='word_1_170' title='bbox 657 2059 795 2117; x_wconf 89' lang='lat' dir='ltr'>terminos</span> <span class='ocrx_word' id='word_1_171' title='bbox 812 2058 925 2137; x_wconf 89' lang='lat' dir='ltr'>imperii</span> <span class='ocrx_word' id='word_1_172' title='bbox 942 2059 1145 2117; x_wconf 88' lang='lat' dir='ltr'>reverentiam.</span> 
     </span>
     <span class='ocr_line' id='line_1_23' title="bbox 142 2139 1145 2219; baseline -0.002 -19"><span class='ocrx_word' id='word_1_173' title='bbox 142 2143 181 2200; x_wconf 89' lang='lat' dir='ltr'>ita</span> <span class='ocrx_word' id='word_1_174' title='bbox 203 2140 275 2200; x_wconf 90' lang='lat' dir='ltr'>sede</span> <span class='ocrx_word' id='word_1_175' title='bbox 298 2139 459 2218; x_wconf 82' lang='lat' dir='ltr'>finibusque</span> <span class='ocrx_word' id='word_1_176' title='bbox 478 2143 506 2200; x_wconf 96' lang='lat' dir='ltr'>in</span> <span class='ocrx_word' id='word_1_177' title='bbox 524 2159 576 2200; x_wconf 91' lang='lat' dir='ltr'>sua</span> <span class='ocrx_word' id='word_1_178' title='bbox 598 2143 675 2217; x_wconf 91' lang='lat' dir='ltr'>ripa,</span> <span class='ocrx_word' id='word_1_179' title='bbox 701 2149 796 2200; x_wconf 90' lang='lat' dir='ltr'>mente</span> <span class='ocrx_word' id='word_1_180' title='bbox 820 2142 974 2219; x_wconf 86' lang='lat' dir='ltr'>animoque</span> <span class='ocrx_word' id='word_1_181' title='bbox 994 2139 1145 2200; x_wconf 91' lang='lat' dir='ltr'>nobiscum</span> 
     </span>
     <span class='ocr_line' id='line_1_24' title="bbox 143 2221 1145 2300; baseline -0.001 -18"><span class='ocrx_word' id='word_1_182' title='bbox 143 2233 247 2300; x_wconf 78' lang='lat' dir='ltr'>agunt,</span> <span class='ocrx_word' id='word_1_183' title='bbox 269 2231 367 2283; x_wconf 90' lang='lat' dir='ltr'>cetera</span> <span class='ocrx_word' id='word_1_184' title='bbox 390 2222 497 2282; x_wconf 89' lang='lat' dir='ltr'>similes</span> <span class='ocrx_word' id='word_1_185' title='bbox 517 2222 649 2298; x_wconf 87' lang='lat' dir='ltr'>Batavis,</span> <span class='ocrx_word' id='word_1_186' title='bbox 675 2221 728 2280; x_wconf 88' lang='lat' dir='ltr'>nisi</span> <span class='ocrx_word' id='word_1_187' title='bbox 748 2223 825 2300; x_wconf 85' lang='lat' dir='ltr'>quod</span> <span class='ocrx_word' id='word_1_188' title='bbox 848 2223 913 2300; x_wconf 89' lang='lat' dir='ltr'>ipso</span> <span class='ocrx_word' id='word_1_189' title='bbox 935 2221 1028 2282; x_wconf 92' lang='lat' dir='ltr'>adhuc</span> <span class='ocrx_word' id='word_1_190' title='bbox 1050 2231 1145 2282; x_wconf 87' lang='lat' dir='ltr'>terrae</span> 
     </span>
     <span class='ocr_line' id='line_1_25' title="bbox 144 2304 728 2367; baseline -0.005 -2"><span class='ocrx_word' id='word_1_191' title='bbox 144 2324 213 2367; x_wconf 91' lang='lat' dir='ltr'>suae</span> <span class='ocrx_word' id='word_1_192' title='bbox 229 2307 293 2366; x_wconf 90' lang='lat' dir='ltr'>solo</span> <span class='ocrx_word' id='word_1_193' title='bbox 309 2313 339 2364; x_wconf 88' lang='lat' dir='ltr'>et</span> <span class='ocrx_word' id='word_1_194' title='bbox 354 2304 437 2365; x_wconf 91' lang='lat' dir='ltr'>caelo</span> <span class='ocrx_word' id='word_1_195' title='bbox 452 2307 547 2366; x_wconf 88' lang='lat' dir='ltr'>acrius</span> <span class='ocrx_word' id='word_1_196' title='bbox 562 2306 728 2364; x_wconf 85' lang='lat' dir='ltr'>animantur.</span> 
     </span>
     <span class='ocr_line' id='line_1_26' title="bbox 205 2387 1145 2474; baseline -0.003 -24"><span class='ocrx_word' id='word_1_197' title='bbox 205 2389 271 2450; x_wconf 90' lang='lat' dir='ltr'>Non</span> <span class='ocrx_word' id='word_1_198' title='bbox 295 2390 504 2449; x_wconf 78' lang='lat' dir='ltr'>numeraverim</span> <span class='ocrx_word' id='word_1_199' title='bbox 524 2391 601 2474; x_wconf 83' lang='lat' dir='ltr'>inter¹</span> <span class='ocrx_word' id='word_1_200' title='bbox 622 2387 791 2449; x_wconf 87' lang='lat' dir='ltr'>Germaniae</span> <span class='ocrx_word' id='word_1_201' title='bbox 816 2390 956 2468; x_wconf 90' lang='lat' dir='ltr'>populos,</span> <span class='ocrx_word' id='word_1_202' title='bbox 976 2407 1145 2469; x_wconf 85' lang='lat' dir='ltr'>quamquam</span> 
     </span>
     <span class='ocr_line' id='line_1_27' title="bbox 113 2471 1145 2552; baseline 0.002 -23"><span class='ocrx_word' id='word_1_203' title='bbox 113 2492 134 2531; x_wconf 81' lang='grc' dir='ltr'>ιι</span> <span class='ocrx_word' id='word_1_204' title='bbox 149 2485 225 2534; x_wconf 89' lang='lat' dir='ltr'>trans</span> <span class='ocrx_word' id='word_1_205' title='bbox 242 2473 374 2534; x_wconf 89' lang='lat' dir='ltr'>Rhenum</span> <span class='ocrx_word' id='word_1_206' title='bbox 389 2471 606 2551; x_wconf 86' lang='lat' dir='ltr'>Danuviumque</span> <span class='ocrx_word' id='word_1_207' title='bbox 624 2471 825 2550; x_wconf 85' lang='lat' dir='ltr'>consederint,</span> <span class='ocrx_word' id='word_1_208' title='bbox 848 2475 963 2552; x_wconf 85' lang='lat' dir='ltr'>eosqui</span> <span class='ocrx_word' id='word_1_209' title='bbox 980 2472 1145 2533; x_wconf 90' lang='lat' dir='ltr'>decumates</span> 
     </span>
     <span class='ocr_line' id='line_1_28' title="bbox 144 2555 1145 2637; baseline -0.004 -19"><span class='ocrx_word' id='word_1_210' title='bbox 144 2575 232 2635; x_wconf 82' lang='lat' dir='ltr'>agros</span> <span class='ocrx_word' id='word_1_211' title='bbox 248 2567 401 2618; x_wconf 86' lang='lat' dir='ltr'>exercent:</span> <span class='ocrx_word' id='word_1_212' title='bbox 421 2557 585 2617; x_wconf 88' lang='lat' dir='ltr'>levissimus</span> <span class='ocrx_word' id='word_1_213' title='bbox 598 2557 719 2637; x_wconf 87' lang='lat' dir='ltr'>quisque</span> <span class='ocrx_word' id='word_1_214' title='bbox 732 2555 879 2618; x_wconf 84' lang='lat' dir='ltr'>Gallorum</span> <span class='ocrx_word' id='word_1_215' title='bbox 896 2565 926 2617; x_wconf 89' lang='lat' dir='ltr'>et</span> <span class='ocrx_word' id='word_1_216' title='bbox 940 2558 1038 2635; x_wconf 92' lang='lat' dir='ltr'>inopia</span> <span class='ocrx_word' id='word_1_217' title='bbox 1053 2556 1145 2616; x_wconf 85' lang='lat' dir='ltr'>audax</span> 
     </span>
     <span class='ocr_line' id='line_1_29' title="bbox 145 2639 1145 2720; baseline -0.004 -19"><span class='ocrx_word' id='word_1_218' title='bbox 145 2641 248 2702; x_wconf 92' lang='lat' dir='ltr'>dubiae</span> <span class='ocrx_word' id='word_1_219' title='bbox 264 2641 460 2720; x_wconf 89' lang='lat' dir='ltr'>possessionis</span> <span class='ocrx_word' id='word_1_220' title='bbox 476 2641 569 2700; x_wconf 92' lang='lat' dir='ltr'>solum</span> <span class='ocrx_word' id='word_1_221' title='bbox 587 2658 789 2718; x_wconf 71' lang='lat' dir='ltr'>occupauere:</span> <span class='ocrx_word' id='word_1_222' title='bbox 805 2658 874 2700; x_wconf 87' lang='lat' dir='ltr'>mox</span> <span class='ocrx_word' id='word_1_223' title='bbox 890 2639 979 2700; x_wconf 91' lang='lat' dir='ltr'>limite</span> <span class='ocrx_word' id='word_1_224' title='bbox 995 2649 1061 2700; x_wconf 87' lang='lat' dir='ltr'>acto</span> <span class='ocrx_word' id='word_1_225' title='bbox 1078 2657 1145 2718; x_wconf 90' lang='lat' dir='ltr'>pro-</span> 
     </span>
     <span class='ocr_line' id='line_1_30' title="bbox 145 2723 1145 2804; baseline -0.005 -20"><span class='ocrx_word' id='word_1_226' title='bbox 145 2726 288 2804; x_wconf 89' lang='lat' dir='ltr'>motisque</span> <span class='ocrx_word' id='word_1_227' title='bbox 302 2724 455 2803; x_wconf 87' lang='lat' dir='ltr'>praesidiis</span> <span class='ocrx_word' id='word_1_228' title='bbox 470 2726 548 2784; x_wconf 86' lang='lat' dir='ltr'>sinus</span> <span class='ocrx_word' id='word_1_229' title='bbox 563 2724 674 2801; x_wconf 89' lang='lat' dir='ltr'>imperii</span> <span class='ocrx_word' id='word_1_230' title='bbox 689 2732 717 2782; x_wconf 90' lang='lat' dir='ltr'>et</span> <span class='ocrx_word' id='word_1_231' title='bbox 732 2741 800 2801; x_wconf 90' lang='lat' dir='ltr'>pars</span> <span class='ocrx_word' id='word_1_232' title='bbox 813 2725 982 2802; x_wconf 87' lang='lat' dir='ltr'>provinciae</span> <span class='ocrx_word' id='word_1_233' title='bbox 995 2723 1145 2784; x_wconf 91' lang='lat' dir='ltr'>habentur.</span> 
     </span>
     <span class='ocr_line' id='line_1_31' title="bbox 208 2806 1146 2882; baseline -0.006 -12"><span class='ocrx_word' id='word_1_234' title='bbox 208 2807 259 2870; x_wconf 88' lang='grc'>30.</span> <span class='ocrx_word' id='word_1_235' title='bbox 281 2807 365 2869; x_wconf 88' lang='lat' dir='ltr'>llltra</span> <span class='ocrx_word' id='word_1_236' title='bbox 380 2807 435 2868; x_wconf 89' lang='lat' dir='ltr'>hos</span> <span class='ocrx_word' id='word_1_237' title='bbox 453 2806 562 2869; x_wconf 80' lang='lat' dir='ltr'>Chatti:</span> <span class='ocrx_word' id='word_1_238' title='bbox 581 2806 688 2866; x_wconf 90' lang='lat' dir='ltr'>initium</span> <span class='ocrx_word' id='word_1_239' title='bbox 704 2806 783 2867; x_wconf 91' lang='lat' dir='ltr'>sedis</span> <span class='ocrx_word' id='word_1_240' title='bbox 799 2807 834 2867; x_wconf 91' lang='lat' dir='ltr'>ab</span> <span class='ocrx_word' id='word_1_241' title='bbox 850 2807 997 2882; x_wconf 78' lang='lat' dir='ltr'>Hercynio</span> <span class='ocrx_word' id='word_1_242' title='bbox 1016 2807 1090 2866; x_wconf 86' lang='lat' dir='ltr'>saltu</span> <span class='ocrx_word' id='word_1_243' title='bbox 1105 2809 1146 2865; x_wconf 91' lang='lat' dir='ltr'>in·</span> 
     </span>
     <span class='ocr_line' id='line_1_32' title="bbox 147 2889 1146 2968; baseline -0.002 -16"><span class='ocrx_word' id='word_1_244' title='bbox 147 2894 276 2968; x_wconf 88' lang='lat' dir='ltr'>choatur,</span> <span class='ocrx_word' id='word_1_245' title='bbox 290 2909 347 2951; x_wconf 95' lang='lat' dir='ltr'>non</span> <span class='ocrx_word' id='word_1_246' title='bbox 363 2893 402 2952; x_wconf 90' lang='lat' dir='ltr'>itu</span> <span class='ocrx_word' id='word_1_247' title='bbox 418 2891 518 2951; x_wconf 77' lang='lat' dir='ltr'>effusis</span> <span class='ocrx_word' id='word_1_248' title='bbox 533 2909 569 2951; x_wconf 90' lang='lat' dir='ltr'>ac</span> <span class='ocrx_word' id='word_1_249' title='bbox 581 2889 757 2968; x_wconf 86' lang='lat' dir='ltr'>palustribus</span> <span class='ocrx_word' id='word_1_250' title='bbox 769 2891 855 2968; x_wconf 91' lang='lat' dir='ltr'>locis,</span> <span class='ocrx_word' id='word_1_251' title='bbox 870 2901 900 2952; x_wconf 95' lang='lat' dir='ltr'>ut</span> <span class='ocrx_word' id='word_1_252' title='bbox 915 2900 1031 2951; x_wconf 87' lang='lat' dir='ltr'>ceterae</span> <span class='ocrx_word' id='word_1_253' title='bbox 1047 2891 1146 2952; x_wconf 84' lang='lat' dir='ltr'>cirita-</span> 
     </span>
     <span class='ocr_line' id='line_1_33' title="bbox 144 2972 1146 3055; baseline -0.003 -20"><span class='ocrx_word' id='word_1_254' title='bbox 144 2986 190 3036; x_wconf 91' lang='lat' dir='ltr'>tes</span> <span class='ocrx_word' id='word_1_255' title='bbox 204 2979 233 3037; x_wconf 91' lang='lat' dir='ltr'>iu</span> <span class='ocrx_word' id='word_1_256' title='bbox 248 2993 318 3054; x_wconf 88' lang='lat' dir='ltr'>quas</span> <span class='ocrx_word' id='word_1_257' title='bbox 334 2972 485 3035; x_wconf 84' lang='lat' dir='ltr'>Germania</span> <span class='ocrx_word' id='word_1_258' title='bbox 500 2975 633 3054; x_wconf 88' lang='lat' dir='ltr'>patescit,</span> <span class='ocrx_word' id='word_1_259' title='bbox 651 2974 767 3050; x_wconf 90' lang='lat' dir='ltr'>durans,</span> <span class='ocrx_word' id='word_1_260' title='bbox 786 2977 810 3034; x_wconf 91' lang='lat' dir='ltr'>si</span> <span class='ocrx_word' id='word_1_261' title='bbox 825 2975 939 3055; x_wconf 88' lang='lat' dir='ltr'>quidem</span> <span class='ocrx_word' id='word_1_262' title='bbox 952 2975 1046 3035; x_wconf 91' lang='lat' dir='ltr'>colles</span> <span class='ocrx_word' id='word_1_263' title='bbox 1078 2992 1146 3054; x_wconf 89' lang='lat' dir='ltr'>pau-</span> 
     </span>
     <span class='ocr_line' id='line_1_34' title="bbox 145 3057 1147 3137; baseline -0.003 -19"><span class='ocrx_word' id='word_1_264' title='bbox 145 3060 223 3120; x_wconf 88' lang='lat' dir='ltr'>latim</span> <span class='ocrx_word' id='word_1_265' title='bbox 238 3068 397 3137; x_wconf 84' lang='lat' dir='ltr'>rarescunt,</span> <span class='ocrx_word' id='word_1_266' title='bbox 413 3068 443 3120; x_wconf 90' lang='lat' dir='ltr'>et</span> <span class='ocrx_word' id='word_1_267' title='bbox 458 3059 578 3119; x_wconf 80' lang='lat' dir='ltr'>Ghuttos</span> <span class='ocrx_word' id='word_1_268' title='bbox 596 3074 664 3116; x_wconf 94' lang='lat' dir='ltr'>suos</span> <span class='ocrx_word' id='word_1_269' title='bbox 679 3057 769 3118; x_wconf 90' lang='lat' dir='ltr'>saltus</span> <span class='ocrx_word' id='word_1_270' title='bbox 782 3057 945 3134; x_wconf 78' lang='lat' dir='ltr'>Hercynius</span> <span class='ocrx_word' id='word_1_271' title='bbox 961 3059 1147 3136; x_wconf 88' lang='lat' dir='ltr'>prosequitur</span> 
     </span>
     <span class='ocr_line' id='line_1_35' title="bbox 124 3141 1147 3222; baseline -0.006 -18"><span class='ocrx_word' id='word_1_272' title='bbox 124 3142 228 3204; x_wconf 73' lang='lat' dir='ltr'>tsimul</span> <span class='ocrx_word' id='word_1_273' title='bbox 244 3152 329 3222; x_wconf 83' lang='lat' dir='ltr'>atque</span> <span class='ocrx_word' id='word_1_274' title='bbox 345 3143 474 3222; x_wconf 87' lang='lat' dir='ltr'>deponit.</span> <span class='ocrx_word' id='word_1_275' title='bbox 505 3141 619 3201; x_wconf 90' lang='lat' dir='ltr'>duriora</span> <span class='ocrx_word' id='word_1_276' title='bbox 635 3143 717 3219; x_wconf 78' lang='lat' dir='ltr'>genti</span> <span class='ocrx_word' id='word_1_277' title='bbox 732 3159 870 3222; x_wconf 90' lang='lat' dir='ltr'>corpora,</span> <span class='ocrx_word' id='word_1_278' title='bbox 887 3144 978 3204; x_wconf 89' lang='lat' dir='ltr'>stricti</span> <span class='ocrx_word' id='word_1_279' title='bbox 993 3153 1082 3220; x_wconf 87' lang='lat' dir='ltr'>artus,</span> <span class='ocrx_word' id='word_1_280' title='bbox 1098 3143 1147 3200; x_wconf 90' lang='lat' dir='ltr'>mi-</span> 
     </span>
     <span class='ocr_line' id='line_1_36' title="bbox 146 3224 1148 3303; baseline 0 -19"><span class='ocrx_word' id='word_1_281' title='bbox 146 3243 203 3284; x_wconf 85' lang='lat' dir='ltr'>nax</span> <span class='ocrx_word' id='word_1_282' title='bbox 217 3226 311 3286; x_wconf 82' lang='lat' dir='ltr'>voltus</span> <span class='ocrx_word' id='word_1_283' title='bbox 327 3235 357 3287; x_wconf 92' lang='lat' dir='ltr'>et</span> <span class='ocrx_word' id='word_1_284' title='bbox 371 3227 461 3287; x_wconf 91' lang='lat' dir='ltr'>maior</span> <span class='ocrx_word' id='word_1_285' title='bbox 476 3226 561 3286; x_wconf 88' lang='lat' dir='ltr'>animi</span> <span class='ocrx_word' id='word_1_286' title='bbox 577 3226 670 3302; x_wconf 76' lang='lat' dir='ltr'>uigor.</span> <span class='ocrx_word' id='word_1_287' title='bbox 699 3224 827 3303; x_wconf 91' lang='lat' dir='ltr'>multum,</span> <span class='ocrx_word' id='word_1_288' title='bbox 843 3235 874 3286; x_wconf 92' lang='lat' dir='ltr'>ut</span> <span class='ocrx_word' id='word_1_289' title='bbox 889 3227 964 3288; x_wconf 91' lang='lat' dir='ltr'>inter</span> <span class='ocrx_word' id='word_1_290' title='bbox 979 3225 1148 3302; x_wconf 88' lang='lat' dir='ltr'>Germanos,</span> 
     </span>
     <span class='ocr_line' id='line_1_37' title="bbox 147 3309 1148 3390; baseline -0.001 -20"><span class='ocrx_word' id='word_1_291' title='bbox 147 3309 265 3370; x_wconf 89' lang='lat' dir='ltr'>rationis</span> <span class='ocrx_word' id='word_1_292' title='bbox 282 3327 318 3371; x_wconf 91' lang='lat' dir='ltr'>ac</span> <span class='ocrx_word' id='word_1_293' title='bbox 336 3310 503 3371; x_wconf 90' lang='lat' dir='ltr'>sollertiae:</span> <span class='ocrx_word' id='word_1_294' title='bbox 539 3326 723 3388; x_wconf 88' lang='lat' dir='ltr'>praeponere</span> <span class='ocrx_word' id='word_1_295' title='bbox 738 3309 868 3388; x_wconf 90' lang='lat' dir='ltr'>electos,</span> <span class='ocrx_word' id='word_1_296' title='bbox 884 3309 982 3370; x_wconf 88' lang='lat' dir='ltr'>audire</span> <span class='ocrx_word' id='word_1_297' title='bbox 998 3312 1148 3390; x_wconf 88' lang='lat' dir='ltr'>praeposi·</span> 
     </span>
     <span class='ocr_line' id='line_1_38' title="bbox 147 3393 1148 3474; baseline 0.003 -23"><span class='ocrx_word' id='word_1_298' title='bbox 147 3402 211 3468; x_wconf 85' lang='lat' dir='ltr'>tos,</span> <span class='ocrx_word' id='word_1_299' title='bbox 228 3411 318 3455; x_wconf 88' lang='lat' dir='ltr'>nosse</span> <span class='ocrx_word' id='word_1_300' title='bbox 333 3395 468 3472; x_wconf 87' lang='lat' dir='ltr'>ordines,</span> <span class='ocrx_word' id='word_1_301' title='bbox 484 3393 657 3472; x_wconf 84' lang='lat' dir='ltr'>intellegere</span> <span class='ocrx_word' id='word_1_302' title='bbox 672 3395 863 3472; x_wconf 88' lang='lat' dir='ltr'>occasiones,</span> <span class='ocrx_word' id='word_1_303' title='bbox 881 3395 998 3455; x_wconf 73' lang='lat' dir='ltr'>differre</span> <span class='ocrx_word' id='word_1_304' title='bbox 1013 3395 1148 3474; x_wconf 82' lang='lat' dir='ltr'>impetos,</span> 
     </span>
     <span class='ocr_line' id='line_1_39' title="bbox 147 3475 1147 3557; baseline 0.003 -24"><span class='ocrx_word' id='word_1_305' title='bbox 147 3475 303 3553; x_wconf 82' lang='lat' dir='ltr'>disponere</span> <span class='ocrx_word' id='word_1_306' title='bbox 325 3478 421 3557; x_wconf 87' lang='lat' dir='ltr'>diem,</span> <span class='ocrx_word' id='word_1_307' title='bbox 443 3478 555 3539; x_wconf 82' lang='lat' dir='ltr'>vallare</span> <span class='ocrx_word' id='word_1_308' title='bbox 576 3486 707 3556; x_wconf 90' lang='lat' dir='ltr'>noctem,</span> <span class='ocrx_word' id='word_1_309' title='bbox 723 3478 865 3540; x_wconf 83' lang='lat' dir='ltr'>fortunam</span> <span class='ocrx_word' id='word_1_310' title='bbox 885 3480 958 3540; x_wconf 91' lang='lat' dir='ltr'>iuter</span> <span class='ocrx_word' id='word_1_311' title='bbox 975 3477 1077 3556; x_wconf 89' lang='lat' dir='ltr'>dubia,</span> <span class='ocrx_word' id='word_1_312' title='bbox 1095 3480 1147 3537; x_wconf 83' lang='lat' dir='ltr'>uir·</span> 
     </span>
    </p>
   </div>
   <div class='ocr_carea' id='block_1_5' title="bbox 0 0 1295 3900">
    <p class='ocr_par' dir='ltr' id='par_1_9' title="bbox 0 0 1295 3900">
     <span class='ocr_line' id='line_1_40' title="bbox 0 0 1295 3900; baseline 0 0"><span class='ocrx_word' id='word_1_313' title='bbox 0 0 1295 3900; x_wconf 95' lang='lat' dir='ltr'> </span> 
     </span>
    </p>
   </div>
  </div>
 </body>
</html>
