2580 3900
513 263 589 312 curu
605 263 725 317 33-38.
1051 253 1112 314 207

115 423 188 484 mina
203 439 291 500 gens.
317 420 501 481 adversarum
523 436 616 478 rerum
638 436 677 478 ex
699 434 792 498 aequo
815 419 888 478 soeii
903 426 981 498 suut,
1006 437 1068 480 oum
1084 421 1113 486 in

114 507 250 568 secundis
265 507 390 566 minores
407 503 538 563 luissent.

176 590 227 652 37.
257 587 386 650 Eundem
409 587 579 648 Germaniae
602 588 692 647 sinum
715 587 840 665 proximi
863 585 981 648 Oceano
1007 584 1113 646 Cimbri

114 679 229 752 tepent,
254 689 345 751 parva
368 688 444 731 nuno
466 671 584 749 civitas,
611 670 662 730 sed
683 670 779 747 gioria
802 673 915 748 iugens.
947 671 1114 750 veterisque

114 760 207 818 lamae
230 757 288 816 lata
309 755 434 833 vestigia
455 763 585 832 manent,
610 762 730 834 utraque
754 756 819 834 ripa
838 764 932 816 eastra
953 773 988 815 ao
1011 755 1113 833 spatia,

12 837 14 844 '
114 859 235 921 quorum
251 838 356 901 ambitu
378 857 453 900 nuno
473 855 588 918 quoque
603 839 730 900 metiaris
745 839 850 899 molem
871 857 1028 918 manusque
1043 857 1114 916 geu-

98 929 150 986 ·tls
166 933 195 984 et
212 934 267 985 tam
282 922 379 1001 magni
396 923 489 983 exitus
505 921 598 982 iidem.
630 923 868 984 sescentesimum
884 931 913 982 et
928 921 1136 1002 quadragesi-s

113 1027 188 1070 murn
211 1026 313 1068 aunum
335 1005 404 1066 urbs
431 1015 530 1067 nostra
553 1004 676 1083 agebat,
701 1024 764 1067 oum
792 1007 913 1084 primum
935 1005 1115 1067 Cimbrorum

114 1092 207 1154 audita
228 1101 296 1153 sunt
312 1107 403 1168 arma,
425 1089 555 1153 Caecilio
571 1089 692 1150 lletello
713 1099 742 1152 et
756 1090 872 1168 Papirio
894 1088 1031 1152 Carbone
1047 1106 1114 1150 eon·

73 1237 76 1242 .
114 1174 235 1238 sulibus.
261 1192 368 1256 expuo
385 1176 410 1236 si
424 1173 460 1235 ad
475 1174 595 1235 alterum
607 1173 789 1253 imperatoris
805 1174 920 1236 Traiani
936 1173 1115 1247 consulatum

115 1269 328 1338 computemus,
354 1258 469 1320 ducenti
488 1258 580 1319 ferme
602 1268 633 1319 et
647 1257 748 1319 decem
765 1259 831 1320 anni
849 1257 1040 1338 eolliguntur:
1059 1267 1115 1318 tam

114 1345 161 1405 diu
184 1343 335 1407 Germania
348 1344 482 1404 vincitur.
522 1342 617 1404 medio
638 1351 694 1402 tam
717 1343 799 1420 longi
819 1344 884 1404 aevi
909 1345 1004 1423 spatio
1026 1343 1113 1404 multu
1127 1361 1150 1402 us

113 1432 143 1490 iu
158 1429 251 1488 vioem
267 1428 377 1490 damna.
401 1445 459 1488 non
473 1427 602 1502 Samnis,
617 1443 674 1486 nou
691 1427 793 1504 Poeni,
807 1443 865 1488 non
879 1425 1036 1506 Hispaniae
1049 1425 1113 1488 Gal-

113 1515 229 1589 liaeve‚
250 1531 287 1572 ue
303 1511 399 1573 Parthi
421 1510 535 1592 quidem
551 1512 670 1589 saepius
685 1509 871 1572 admonuere:
896 1511 1005 1590 quippe
1021 1527 1114 1587 reguo

113 1597 235 1657 Arsacis
250 1597 346 1656 aerior
361 1603 406 1655 est
421 1595 626 1656 Germanorum
643 1593 771 1656 libertas.
801 1593 868 1674 quid
884 1595 959 1656 enim
975 1594 1052 1656 aliud
1064 1612 1114 1652 no-

114 1681 159 1739 bis
174 1697 257 1758 quam
275 1679 394 1742 eaedem
410 1677 525 1764 Crassi,
545 1680 651 1740 amisso
671 1687 700 1738 et
719 1678 783 1757 ipse
801 1679 928 1756 Pacoro,
947 1677 1021 1739 inira
1038 1679 1115 1739 Ven-

114 1763 211 1824 tidium
236 1763 366 1826 deieutus
392 1764 488 1824 oriens
514 1761 680 1823 obiecerit?
711 1772 740 1822 at
765 1762 898 1824 Germani
925 1761 1059 1824 Carbone
1085 1769 1115 1820 et
1127 1785 1147 1826 u

116 1847 218 1910 Cassio
239 1857 269 1906 et
287 1849 397 1908 Soauro
413 1846 534 1908 Aurelio
550 1857 580 1907 et
595 1847 720 1907 Servilio
738 1845 904 1926 Caepione,
926 1847 1026 1908 Mareu
1043 1863 1114 1926 quo·

9 1985 13 1994 ,
114 1951 171 2012 que
185 1932 292 1992 llanlio
308 1932 380 1990 iusis
394 1931 442 1991 vel
459 1932 551 2008 captis
568 1933 693 2011 quinque
714 1931 797 1991 simul
815 1931 985 1992 consulares
1001 1931 1114 1991 exerei-

116 2027 161 2080 tus
178 2015 288 2095 populo
308 2014 456 2090 Romano,
477 2015 586 2075 Varum
607 2016 717 2092 trisque
734 2031 799 2074 oum
819 2033 855 2075 eo
874 2016 1009 2093 legiones
1031 2015 1115 2074 etiam

116 2100 237 2162 Caesari
258 2097 452 2167 abstulerunt;
476 2115 533 2156 neo
555 2099 668 2176 impune
689 2095 722 2158 C.
741 2097 848 2158 lilariue
865 2099 892 2157 in
912 2097 1011 2176 italia,
1033 2097 1115 2156 divus

113 2182 202 2246 lulius
219 2183 247 2244 in
262 2181 373 2259 Gallia,
396 2180 507 2244 Drusus
527 2199 562 2244 ae
581 2181 660 2242 Nero
682 2190 710 2242 et
727 2181 914 2244 Germanicus
937 2179 965 2241 in
985 2183 1045 2242 suis
1062 2197 1151 2248 cosm

115 2267 233 2328 sedibus
257 2266 452 2347 peroulerunt.
485 2281 554 2327 mox
576 2267 710 2345 ingentes
732 2263 789 2327 Gai
809 2263 944 2328 Caesaris
968 2267 1061 2326 minae
1089 2265 1116 2324 in

114 2351 266 2412 ludibrium
286 2367 402 2412 versae.
430 2351 497 2411 inde
524 2352 630 2425 otium,
653 2349 748 2412 donee
771 2350 929 2411 uooasioue
953 2349 1117 2410 discordiae

114 2443 236 2496 nostrae
258 2443 289 2493 et
310 2433 435 2494 civilium
456 2451 597 2494 armorum
619 2434 791 2513 expugnatis
815 2433 963 2511 legionum
988 2433 1118 2494 bibernis

115 2520 201 2580 etiam
216 2515 328 2580 Gallias
343 2516 545 2584 adieetavere;
566 2535 601 2578 ao
613 2534 711 2576 rursus
723 2514 790 2576 inde
806 2517 882 2594 pulei
894 2517 1033 2595 proximis
1047 2525 1116 2576 tem-

115 2601 234 2681 poribus
253 2599 418 2681 triumphati
436 2602 528 2678 magis
546 2619 629 2679 quum
644 2600 712 2660 vieti
730 2609 803 2660 suut.
1126 2619 1151 2658 aa

177 2686 228 2750 38.
257 2683 341 2746 Nune
356 2684 393 2746 de
409 2685 515 2746 Suebis
532 2684 681 2746 dicendum
701 2693 761 2762 est,
787 2703 907 2765 quorum
921 2704 979 2746 nun
994 2705 1066 2762 unu,
1088 2696 1118 2746 ut

115 2770 283 2832 Chattorum
304 2770 552 2831 Tencterorumve
573 2787 661 2848 geum
689 2768 827 2830 maiorem
851 2772 925 2830 enim
947 2769 1117 2832 Germaniae

114 2863 227 2934 partem
251 2855 398 2934 optinent,
431 2853 559 2934 propriis
588 2853 681 2914 adluuo
706 2853 870 2914 nationibus
897 2855 1117 2932 nominibusque

115 2939 249 3016 disereti,
277 2955 446 3018 quamquam
472 2940 500 2998 iu
526 2955 675 3000 eommuue
705 2935 794 2998 Suebi
817 2947 967 3000 venentur.
1005 2938 1117 3013 insigne

9 3033 11 3040 '
113 3023 211 3102 gentis
233 3021 385 3100 obliquare
402 3021 510 3082 orinern
530 3021 667 3102 nodoque
688 3021 906 3100 substringere:
929 3023 974 3082 aio
991 3021 1079 3080 Suebi
1100 3038 1139 3084 aa

116 3107 223 3168 ceteris
240 3105 405 3182 Germanis,
428 3106 472 3166 sio
486 3104 647 3167 Sueborum
662 3106 777 3183 ingenui
792 3125 809 3166 a
827 3108 922 3167 servis
937 3113 1117 3184 separantur.

9 3259 15 3272 ‚
115 3195 144 3251 in
161 3189 225 3251 aliis
240 3188 377 3268 gentibus
393 3207 445 3252 seu
462 3190 636 3268 cognatione
657 3189 753 3268 aliqua
770 3191 933 3252 Sueborum
950 3201 1018 3266 eeu,
1040 3189 1118 3268 quod

96 3293 206 3354 ·saepe
227 3273 349 3349 accidit,
375 3274 548 3349 imitatione,
569 3293 665 3336 rarum
685 3283 715 3333 et
736 3274 810 3335 intra
826 3277 960 3334 iuventae
977 3275 1117 3352 spatium:

91 3405 95 3410 .
115 3359 192 3438 apud
214 3357 328 3419 Suebos
347 3374 440 3437 usque
461 3357 496 3418 ad
515 3359 647 3420 canitiem
662 3358 828 3419 horrentem
845 3355 1018 3442 oapillum†
1038 3366 1117 3418 retro

9 3505 13 3514 ,
115 3451 290 3522 aequantur,
316 3459 352 3502 ao
372 3459 463 3522 saepe
485 3442 512 3500 in
529 3443 594 3521 ipso
611 3443 722 3502 uertice
743 3441 898 3518 religatur:
918 3444 1066 3521 principes
1089 3450 1119 3499 et
1129 3461 1150 3500 uo

116 3527 292 3588 ornatiorem
305 3525 420 3586 babent.
448 3543 482 3586 ea
499 3544 566 3587 oura
581 3526 704 3602 formae,
721 3524 773 3584 sed
789 3525 919 3593 innoxia:
934 3523 1116 3601 nequeenim
