2580 3900
166 248 227 310 tos
407 236 704 308 oounuurrrsorrr
720 259 924 307 cunnnnrnu

166 423 195 474 ut
218 422 311 474 ament
335 423 518 493 amenturve,
557 415 585 474 in
609 412 785 474 altitudinem
809 413 951 491 quandam
973 421 1002 472 et
1024 422 1165 476 terrorem

166 497 267 558 adituri
284 496 360 557 bella
377 499 519 577 comptius
538 496 662 558 bostium
680 497 772 558 oculis
788 505 934 558 ornantur.

226 582 276 644 39.
302 580 522 642 Vetustissimos
544 599 576 641 se
598 580 853 659 nobilissimosque
868 579 1029 642 Sueborum
1046 582 1152 642 Semno

164 685 215 727 nes
240 675 412 733 memorant;
441 664 513 725 ludes
539 665 712 744 antiquitatis
738 666 882 742 religione
912 666 1048 725 firmatur.
1091 675 1165 724 stato

163 761 295 829 tempore
319 750 347 808 in
368 748 468 809 silvam
493 750 620 826 auguriis
641 759 753 828 patrum
775 758 805 809 et
829 751 926 828 prisca
948 748 1100 810 formidine
1121 767 1152 808 su

164 851 241 895 oraru
271 849 370 893 omues
395 831 524 894 eiusdem
546 834 694 911 sanguinis
714 832 815 912 populi
839 833 1035 910 legationibus
1061 841 1167 893 coeunt

141 934 311 995 scaesqque
332 913 449 995 publice
473 917 589 978 bomine
613 916 762 978 celebrant
785 915 900 977 barbari
928 918 998 977 ritus
1021 915 1165 976 horrenda

165 999 329 1081 primordia
357 1009 401 1060 est
422 1009 451 1060 et
469 1002 526 1064 alia
542 1001 610 1061 luco
626 1001 806 1060 reverentia:
828 1017 911 1060 nemo
929 1001 984 1060 nisr
977 1000 1116 1061 'vinculo
1133 1001 1165 1060 li·

137 1093 248 1180 gatus
264 1083 439 1163 ingreditur,
458 1095 488 1145 ut
502 1085 594 1145 minor
616 1093 646 1144 et
659 1093 834 1163 potestatem
850 1085 971 1145 numinis
988 1101 1059 1164 prae
1076 1102 1109 1143 se
1125 1084 1165 1142 ie

137 1153 242 1229 'reus
260 1187 284 1227 ιι
278 1168 376 1228 iorte
390 1168 546 1249 prolapsus
562 1177 617 1244 est,
635 1167 726 1228 attolli
742 1171 792 1227 et'
783 1186 936 1246 insurgere
950 1167 1025 1229 lraud
1042 1168 1165 1228 licitum:
1260 1199 1264 1204 ·

165 1271 218 1331 per
241 1250 354 1311 humum
381 1252 562 1312 evolvuntur.
597 1269 692 1330 eoque
720 1252 812 1311 omnis
839 1253 1007 1332 superstitio
1034 1252 1165 1332 respicit,

130 1359 154 1401 ro
165 1345 306 1414 tamquam
322 1333 411 1396 inde'
402 1337 481 1398 mitia
497 1337 608 1414 gentis,
624 1333 663 1394 ibi
678 1345 817 1413 regnator
833 1336 955 1396 omniurn
971 1335 1052 1413 deus,
1068 1345 1166 1396 cetera

164 1419 295 1480 subiecta
312 1428 398 1499 atque
419 1421 558 1499 parentia.
597 1417 683 1480 adicit
700 1419 899 1480 auctoritatem
916 1420 1031 1480 fortuna
1047 1419 1166 1479 Semno-

162 1522 243 1565 num:
268 1513 381 1564 centum
396 1505 480 1583 pagis
501 1502 645 1581 habitant,
670 1521 832 1583 magnoque
849 1522 977 1583 corpore
994 1503 1118 1565 eflicitur
1137 1511 1167 1562 ut

164 1605 197 1648 se
210 1586 371 1648 Sueborum
388 1597 473 1666 caput
492 1586 619 1648 credant.

224 1669 275 1731 40.
303 1669 410 1731 Contra
427 1670 635 1748 Langobardos
658 1673 788 1750 paucitas
809 1672 956 1732 nobilitat:
980 1673 1166 1752 plurimisos

164 1753 369 1815 valentissimis
385 1755 548 1815 nationibus
565 1753 651 1814 cincti
665 1773 722 1816 nou
736 1771 791 1834 per
809 1755 996 1835 obsequium,
1013 1757 1065 1816 aed
1081 1773 1166 1836 proe-

85 1876 98 1896 .
165 1839 212 1898 liis
229 1845 257 1897 et
275 1837 468 1916 periclitando
489 1840 541 1902 tuti
556 1847 630 1898 sunt.
661 1839 804 1916 Reudigni
822 1838 927 1900 deinde
944 1849 974 1900 et
989 1840 1120 1900 Aviones
1138 1847 1165 1900 st

165 1921 264 1998 Anglii
286 1930 316 1982 et
330 1923 430 1982 Varini
447 1932 476 1983 et
491 1921 626 1984 Eudoses
648 1931 677 1982 et
694 1923 860 1984 Suardones
876 1932 905 1984 et
919 1923 1062 1984 Nuitones
1077 1924 1166 1984 flumi-
1258 1977 1269 1988 .

143 2004 248 2074 anibus
267 2013 314 2066 aut
329 2005 411 2066 silris
426 2008 596 2067 muniuntur.
618 2024 673 2066 neo
688 2009 839 2086 quicquam
857 2007 986 2068 notabile
996 2010 1025 2068 in
1037 2007 1166 2085 singulis,

164 2088 218 2150 nisi
241 2089 317 2168 quod
334 2091 363 2149 in
379 2107 527 2152 commune
541 2089 696 2170 Nerthum,
720 2090 748 2151 id
767 2100 826 2168 cst,
845 2092 964 2152 l'erram
979 2100 1099 2152 matrem
1117 2109 1166 2151 co·

165 2173 224 2233 lunt
246 2191 366 2252 eamque
390 2176 566 2235 intervenire
583 2174 672 2234 rebus
694 2174 855 2252 bominum,
877 2174 974 2235 invehi
990 2175 1107 2254 populis
1122 2192 1158 2233 ar·

164 2257 313 2316 bitrantnr.
342 2265 386 2316 est
403 2258 540 2318 ininsula
557 2257 667 2318 Oceani
683 2267 791 2319 eastum
807 2276 923 2336 neruus,
942 2258 1122 2338 dicatumque
1139 2259 1165 2318 in

166 2358 202 2400 eo
219 2341 397 2416 vehiculum,
417 2350 500 2420 reste
518 2351 696 2414 contectum;
713 2343 858 2420 attingere
874 2345 922 2403 uni
937 2341 1081 2405 sacerdoti
1098 2359 1166 2403 oon·

131 2441 155 2482 ro
167 2441 292 2484 cessum.
323 2427 347 2484 is
373 2425 477 2486 adesse
495 2425 636 2504 penetrali
658 2425 740 2487 dcam
763 2426 907 2504 intellegit
927 2435 1097 2505 rectamque
1115 2424 1165 2485 bu·

165 2507 219 2568 bus
240 2507 353 2568 leminis
375 2509 461 2570 multa
485 2529 548 2570 oum
566 2512 755 2571 ueneratione
773 2511 969 2590 prosequitur.
1009 2510 1077 2570 laeti
1099 2518 1166 2570 tunc

165 2591 243 2668 dies,
263 2593 338 2652 testa
356 2592 441 2670 loca,
465 2611 664 2674 quaecumque
680 2594 803 2655 adventu
820 2593 1006 2674 hospitioque
1023 2593 1165 2671 dignatur.

164 2693 222 2736 non
240 2674 318 2736 bella
338 2674 451 2754 ineunt,
475 2696 533 2740 non
549 2695 626 2738 arma
643 2685 770 2747 sumunt;
796 2679 922 2738 clausum
943 2695 1027 2738 omne
1042 2677 1164 2745 ferrum,¹

167 2777 224 2838 pax
245 2768 274 2820 et
293 2761 375 2838 quies
398 2769 465 2820 tuno
488 2770 594 2822 tantum
615 2771 700 2840 nota,
724 2771 791 2822 tuno
812 2771 918 2822 tantum
942 2771 1050 2839 amata,
1071 2761 1166 2822 donec

131 2866 155 2908 rs
165 2844 238 2904 idem
256 2843 395 2904 sacerdos
410 2845 540 2904 satiatam
551 2845 774 2906 conversatione
786 2847 948 2907 mortalium
960 2847 1042 2907 deam
1057 2844 1165 2924 templo

164 2926 276 2988 reddat.
305 2945 373 2988 mox
389 2928 552 2990 vehiculum
569 2939 597 2989 et
608 2940 707 2991 vestes
723 2939 768 3006 et,
785 2932 809 2991 si
823 2930 946 2993 eredere
961 2931 1046 3008 velis,
1062 2947 1166 2989 numen

165 3015 257 3090 ipsum
281 3022 398 3074 secreto
424 3013 489 3076 laon
511 3013 643 3075 abluitur.
682 3016 760 3075 serni
777 3015 952 3092 ministrant,
978 3032 1051 3094 quos
1072 3014 1166 3073 statim

165 3095 240 3156 idem
255 3097 336 3157 lacus
351 3097 454 3158 boarit.
483 3117 606 3159 arcanus
621 3099 688 3158 binc
709 3107 805 3158 terror
819 3109 976 3178 sanctaque
991 3098 1164 3176 ignorantia,

167 3179 232 3256 quid
251 3181 286 3241 sit
301 3181 372 3242 illud
388 3182 464 3262 quod
481 3191 588 3243 tantum
604 3183 723 3261 perituri
738 3182 846 3244 rident.

227 3263 278 3322 di.
300 3263 339 3326 Et
360 3266 433 3328 baec
457 3265 570 3345 quidem
592 3283 661 3346 pars
683 3265 874 3326 Sueborum'
866 3285 895 3326 rn
914 3266 1075 3328 secretiora
1095 3263 1164 3326 lier-

165 3344 277 3406 manise
298 3352 471 3429 porrigitur:
497 3352 637 3432 propior,
656 3360 687 3411 ut
710 3350 871 3429 quomodo
895 3352 982 3431 paulo
1005 3360 1072 3411 ante
1088 3348 1165 3411 libe·

165 3441 247 3503 num,
275 3433 318 3491 sic
341 3449 416 3496 nuno
436 3435 594 3496 Danuvium
617 3454 738 3516 sequar,
765 3435 1027 3498 Hermundurorum
1052 3435 1165 3512 civitas,

164 3511 220 3574 lida
236 3513 388 3588 nonanta
407 3537 503 3598 eoque
519 3520 591 3582 solis
610 3520 814 3582 Germanorum
829 3539 886 3581 non
901 3522 929 3580 in
946 3521 1009 3600 ripa
1026 3535 1164 3580 commer-
