2580 3900
226 166 393 215 corennum
415 162 531 212 rncrrr
550 162 751 212 ncruconao
769 163 845 212 oar.
862 163 948 216 1-3.
1035 151 1095 212 213

164 321 224 386 aa.
244 321 410 382 Domitianas,
427 319 510 370 lroute
520 319 610 380 laetus,
626 325 727 384 pectore
737 318 837 380 maius,
852 321 967 370 nuntium
977 319 1097 370 victoriae

127 389 232 456 excipit.
268 387 312 440 40.
332 388 441 439 bonores
456 397 539 438 tamen
555 387 691 454 Agricolae
704 387 807 438 decerni
821 387 897 450 iubet,
913 389 1013 440 condito
1028 387 1095 450 odio,

127 461 211 510 donec
219 458 350 522 provincia
366 457 471 506 decedat
480 455 609 522 Agricola.
634 456 749 506 isredox
765 453 879 505 modeste
891 457 952 524 agit.
988 455 1030 506 41.
1050 471 1096 522 pe-

126 527 235 578 riculum
245 526 276 574 ab
291 525 478 576 accusatoribus
497 533 522 574 et
535 523 716 574 laudatoribus.
752 525 795 573 42.
817 534 921 574 excusat
937 540 973 585 se,
991 539 1023 573 ne
1036 540 1095 590 pro-

126 595 238 645 vinciam
248 594 365 644 sortiatur
378 605 424 658 pro
434 593 546 644 consule.
582 590 624 642 43.
643 593 695 642 obit
710 603 761 642 non
776 591 831 642 sine
844 595 933 642 veneni
942 594 1095 658 suspicione,

126 663 295 713 aDomitiano
306 662 368 714 dati.
394 662 436 713 44.
453 661 509 712 elus
519 667 597 721 aetas,
613 659 724 722 habitus,
738 659 856 722 honores,
871 675 943 726 opes.
971 663 1014 711 to.
1029 674 1097 709 mor-

127 733 161 781 tis
180 731 355 796 opportunitas
371 735 429 798 aute
443 729 579 780 Domitiani
593 729 744 780 atrocitates.
778 729 822 780 46.
841 739 945 794 questus
965 730 1096 794 scriptoris

127 809 151 848 et
166 814 199 848 ex
215 799 307 848 virtute
321 797 423 848 solacia.
453 796 522 848 lama
536 797 671 862 Agricolae
689 797 721 846 ad
736 805 852 862 posteros
861 800 1019 849 transmissa.

159 937 186 994 1.
219 932 369 994 Clarorum
390 934 516 992 virorum
537 933 614 992 lacta
638 943 794 1012 moresque
818 933 945 1013 posteris
969 933 1095 1010 tradere,

92 1019 250 1097 antiquitus
264 1017 413 1092 usitatum,
428 1035 465 1076 ne
480 1019 587 1076 nostris
603 1017 717 1095 quidem
732 1015 911 1094 temporibus
928 1033 1096 1095 quamquam

91 1103 240 1164 incuriosa
254 1118 370 1161 snorum
386 1107 466 1160 aetas
482 1101 593 1178 omisit,
611 1101 746 1179 quotiens
762 1117 865 1178 magna
885 1098 981 1178 aliqua
997 1117 1031 1160 ac
1045 1118 1096 1159 no-

92 1188 161 1248 bilis
175 1187 266 1244 virtus
279 1184 349 1243 vicit
363 1201 398 1244 ac
416 1201 611 1262 supergressa
632 1193 676 1243 est
698 1183 795 1242 vitium
811 1185 909 1262 parvis
925 1187 1096 1262 magnisque

92 1267 258 1331 civitatibus
275 1284 440 1344 commune,
456 1268 647 1345 ignorantiam
662 1269 735 1327 recti
750 1275 779 1327 et
792 1265 937 1328 invidiam.
953 1265 1006 1327 sed
1021 1268 1122 1348 apudc

91 1357 210 1434 priores
226 1361 256 1412 ut
270 1368 361 1428 agere
378 1351 463 1428 digna
477 1360 634 1412 memoratu
648 1369 769 1430 pronum
786 1354 935 1431 magisque
951 1353 980 1410 in
994 1361 1096 1430 aperto

92 1447 172 1514 erat,
189 1439 228 1496 ita
247 1434 455 1495 celeberrimos
473 1436 596 1514 quisque
610 1437 728 1512 ingenio
744 1435 779 1495 ad
795 1435 972 1514 prodendam
987 1437 1097 1494 virtutis

91 1521 260 1580 memoriam
278 1520 341 1578 sine
356 1521 449 1594 gratia
465 1528 513 1578 aut
530 1517 685 1578 ambitione
703 1517 798 1577 honae
818 1527 925 1578 tantum
945 1521 1096 1578 conscien-

91 1605 152 1664 tiae
177 1605 270 1681 pretio
291 1601 460 1662 ducebatur.
491 1619 527 1662 ao
546 1601 679 1682 plerique
701 1619 780 1662 suam
795 1603 852 1682 ipsi
873 1604 960 1662 vitam
980 1619 1097 1662 narrare

92 1688 225 1748 fiduciam
243 1687 339 1765 potios
352 1703 462 1746 morum
482 1703 565 1765 qoam
580 1685 777 1764 adrogantiam
796 1685 926 1747 arbitrati
941 1695 1020 1754 sunt:
1039 1703 1131 1754 nec10

91 1773 121 1831 id
136 1769 244 1832 Rutilio
264 1779 294 1830 at
312 1769 424 1829 Scauro
446 1771 517 1830 citra
539 1770 623 1830 fidem
640 1779 688 1831 aut
706 1770 912 1831 obtrectationi
932 1769 999 1830 tuit:
1022 1772 1096 1831 adeo

93 1857 214 1914 virtutes
233 1853 325 1913 isdem
340 1853 519 1932 temporibus
538 1855 645 1934 optime
668 1854 870 1932 aestimantur,
892 1853 994 1933 quibus
1015 1855 1096 1915 iacil-

92 1939 161 1998 lime
176 1938 341 2013 gignuntur.
372 1945 401 1996 at
417 1955 496 1997 *nunc
510 1947 660 1998 narraturo
676 1937 744 1998 mibi
761 1940 846 1998 vitam
864 1937 990 1999 defuncti
1006 1939 1095 1999 bomi-

93 2024 137 2082 nis
164 2021 249 2079 venia
272 2037 346 2098 opus
372 2019 444 2095 luit,
477 2037 561 2097 quam
587 2039 644 2080 non
669 2022 807 2102 petissem
831 2023 1014 2083 incusaturus
1039 2032 1097 2082 tam

93 2123 183 2165 saeva
205 2111 234 2163 et
255 2104 361 2162 infesta
382 2101 534 2162 virtutibus
556 2113 697 2182 tempora.
1098 2140 1122 2179 15

161 2189 190 2247 2.
222 2187 374 2264 Legimus,
393 2203 456 2246 com
472 2187 601 2249 Aruleno
617 2187 738 2248 Rustico
753 2189 859 2250 Paetus
876 2187 1022 2265 Thrasea,
1039 2187 1095 2248 lle·

93 2273 196 2332 rennio
218 2271 374 2330 Senecioni
395 2269 513 2331 Priscus
532 2271 682 2333 Helvidius
703 2271 810 2333 laudati
831 2281 948 2350 essent,
971 2271 1096 2351 capitale

93 2357 201 2430 foisse,
228 2372 323 2433 neque
346 2355 374 2412 in
388 2354 471 2433 ipsos
486 2357 574 2416 modo
591 2365 727 2416 auctores
750 2356 802 2416 sed
823 2357 852 2416 in
871 2355 963 2417 libros
980 2374 1097 2435 quoque

93 2455 195 2499 eorum
210 2439 365 2512 saevitum,
382 2437 519 2514 delegato
533 2441 687 2499 triumviris
699 2440 859 2500 ministerio
875 2449 905 2498 ut
915 2447 1097 2500 monumenta

93 2521 319 2583 clarissimorum
335 2520 515 2597 ingeniorum
536 2523 564 2580 in
579 2523 696 2583 comitio
718 2541 754 2582 ao
769 2523 834 2582 loro
849 2532 1011 2583 urerentur.
1042 2525 1122 2585 sci-s

92 2609 163 2667 licet
178 2603 231 2664 illo
246 2606 314 2680 igne
331 2619 435 2664 vocem
451 2605 551 2683 populi
568 2605 689 2666 Romani
710 2615 739 2666 et
753 2605 916 2668 libertatem
932 2617 1047 2668 senatos
1067 2618 1096 2667 et

94 2689 302 2752 conscientiam
318 2689 437 2766 generis
455 2688 568 2749 bomani
584 2687 697 2751 aboleri
718 2689 945 2768 arbitrabantur,
966 2693 1096 2772 expulsis

93 2777 213 2852 insuper
238 2773 400 2853 sapientiae
426 2773 646 2852 professoribus
672 2783 759 2853 atque
783 2777 857 2835 omni
883 2777 960 2837 bona
985 2787 1047 2838 arte
1068 2779 1096 2835 in

93 2857 210 2918 exilium
223 2865 301 2933 acta,
321 2873 357 2916 ue
374 2856 441 2936 quid
455 2875 574 2937 usquam
589 2859 740 2920 honestum
757 2870 937 2921 occurreret.
967 2859 1095 2921 dedimus

95 2939 231 3019 prolecto
248 2939 358 3016 grande
373 2942 530 3019 patientiae
548 2943 764 3014 documentum3
783 2952 812 3003 et
827 2945 902 3005 sicut
915 2953 1000 3004 vetus
1015 2951 1095 3003 aetas
1105 2959 1130 3002 ro

95 3023 165 3084 vidit
184 3022 252 3102 quid
268 3023 394 3084 ultimum
416 3027 445 3084 in
459 3025 594 3087 libertate
615 3035 713 3103 essct,
731 3027 770 3086 ita
790 3046 844 3088 nos
867 3027 934 3107 quid
954 3027 982 3085 in
1004 3025 1095 3086 servi·

94 3117 170 3182 tute,
193 3107 329 3186 adempto
346 3125 400 3186 per
421 3110 623 3188 lnquisitiones
643 3111 728 3171 etiam
749 3111 888 3190 loquendi
904 3110 1095 3188 audiendique

94 3190 282 3250 commercio.
306 3192 472 3252 memoriam
495 3211 613 3274 quoque
631 3194 723 3274 ipsam
743 3212 805 3256 cum
825 3211 901 3255 voce
918 3193 1094 3273 perdidisse·

93 3293 172 3349 mus,
194 3274 218 3333 si
235 3281 292 3334 tam
308 3274 337 3332 in
356 3283 455 3336 nostra
471 3287 617 3356 potestate
633 3288 713 3338 esset
730 3279 866 3339 oblivisci
882 3295 966 3356 quarn
986 3287 1096 3338 tacere.

156 3358 187 3418 3.
215 3357 299 3419 Nunc
314 3357 425 3418 demum
441 3360 526 3421 rediit
541 3363 665 3431 animos;
688 3371 734 3421 set
749 3377 919 3440 quamquam
935 3363 1026 3440 primo
1039 3371 1094 3421 sta·
1107 3389 1130 3428 ιι

94 3442 141 3502 tim
159 3439 318 3503 beatissimi
334 3442 445 3503 saeculi
462 3451 527 3504 ortu
541 3441 638 3506 Nerva
654 3441 763 3504 Caesar
777 3461 826 3504 res
843 3444 911 3506 olim
927 3443 1094 3507 dissociabi-

1259 3291 1264 3342 l

1261 3349 1264 3400 l

1261 3401 1264 3447 l
