2580 3900
476 239 570 308 poue.
594 239 726 292 ranan.
1054 233 1125 294 223Ῡ

116 392 211 453 donec
242 393 319 472 quod
350 391 480 454 omnibus
510 395 537 452 in
568 405 703 474 promptu
731 407 809 474 erat,
841 399 942 476 paucis
970 398 1116 460 lucrosum

116 478 207 538 fiel'ei.
1124 509 1152 548 aa

176 560 227 622 20.
251 561 331 622 llaec
352 564 444 640 primo
465 562 559 621 statim
580 579 654 623 anno
677 565 894 644 comprimendo
909 565 1060 643 egregiam
1075 565 1115 624 ia-

113 661 187 706 mam
206 647 271 724 paci
287 644 483 721 circumdedit,
500 659 574 722 quae
591 647 638 706 vel
654 648 762 709 incuria
776 649 824 708 vel
841 649 1024 708 intolerantia
1039 653 1116 727 prio·

113 747 176 788 rum
190 728 266 792 baud
281 730 375 790 minus
391 747 474 808 quam
496 727 603 788 bellum
621 731 781 792 timebatur.
812 731 865 793 sed
886 732 934 796 ubi
956 742 1053 792 aestas
1068 732 1116 792 ad·

114 813 207 889 venit,
230 821 381 873 contracto
401 813 531 874 exercitu
550 813 654 874 multus
675 817 704 875 in
721 818 849 894 agmine,
878 817 996 877 laudare
1018 816 1116 876 mode·

114 897 215 972 suam,
231 896 371 958 disiectos
387 913 544 966 coercere;
562 897 628 958 loca
643 901 745 961 caenis
758 901 823 982 ipsc
839 917 957 978 capere,
973 902 1116 969 aestuaria
1129 919 1144 959 s

112 999 148 1039 ac
162 979 252 1040 silvas
266 981 330 1059 ipsc
343 989 572 1060 praetemptare;
590 990 619 1040 et
633 981 702 1041 nihil
715 984 827 1043 interim
842 983 917 1062 apud
929 983 1021 1044 hostis
1036 984 1115 1062 quie·

113 1074 171 1122 tum
195 1066 270 1142 pati,
293 1065 463 1143 quominus
487 1063 588 1123 subitis
609 1066 781 1126 excursibus
800 1067 1006 1147 popularetur;
1030 1075 1117 1144 atque

113 1147 162 1208 ubi
178 1148 248 1207 satis
263 1155 423 1225 terruerat,
446 1147 594 1226 parcendo
609 1167 709 1208 rursus
723 1152 906 1211 invitamenta
922 1152 1003 1230 pacis
1019 1159 1115 1210 osten-

112 1240 184 1290 tare.
217 1230 321 1310 quibus
341 1230 430 1292 rebus
447 1232 554 1292 multae
575 1233 724 1312 ciuitates,
747 1253 821 1314 quae
841 1234 966 1294 inillam
987 1233 1063 1296 diem
1079 1252 1117 1294 ex

111 1331 208 1393 aequo
229 1323 367 1394 egerant,
387 1314 461 1376 datis
482 1314 631 1376 obsidibus
647 1317 717 1376 iram
738 1336 883 1397 posuere,
909 1328 939 1378 et
961 1316 1115 1398 praesidiis
1126 1333 1152 1374 ro

113 1397 303 1478 castellisque
319 1399 530 1473 circumdatae,
545 1408 624 1460 tanta
638 1402 751 1462 ratione
768 1419 894 1480 curaque
909 1411 940 1461 nt
955 1401 1033 1462 nulla
1048 1411 1116 1462 ante

111 1479 275 1543 Britanniae
291 1500 366 1544 nova
384 1500 452 1562 pars
465 1483 588 1560 pariter
603 1482 760 1544 illaoessita
779 1487 935 1544 transierit.

175 1565 226 1625 21.
246 1565 380 1645 Sequens
393 1567 485 1626 biems
502 1565 698 1626 saluberrimis
714 1567 843 1629 consiliis
856 1568 1017 1647 absumpta.
1039 1585 1115 1628 uam-

112 1667 169 1726 que
197 1658 227 1708 ut
253 1649 384 1710 homines
409 1649 534 1729 dispersi
559 1668 594 1710 ac
620 1649 707 1711 rudes
733 1668 828 1731 eoque
852 1653 880 1712 in
907 1651 985 1711 bella
1012 1651 1116 1711 laoiles

111 1733 202 1811 quieti
223 1741 253 1792 et
268 1735 327 1794 otio
343 1750 397 1813 per
412 1734 576 1812 voluptates
597 1734 820 1812 adsuescerent,
845 1735 955 1796 hortari
972 1737 1115 1814 priuatim,

111 1815 251 1876 adiuvare
265 1817 399 1896 publice,
415 1827 445 1878 ut
459 1818 567 1896 templa
582 1819 647 1878 lora
660 1819 761 1880 domos
776 1828 954 1894 extruerent,
972 1819 1115 1880 laudando

110 1908 265 1978 promptos
288 1911 317 1960 et
338 1901 507 1979 castigando
529 1919 652 1979 segnes:
680 1904 718 1963 ita
738 1903 859 1964 honoris
886 1902 1040 1964 aemulatio
1062 1920 1139 1980 pros

108 1983 290 2047 necessitate
305 1992 376 2044 erat.
401 1987 456 2043 iam
469 1985 540 2043 ve‘ro
558 1987 718 2066 principum
733 1987 808 2047 filios
820 1985 991 2048 liberalibus
1007 1985 1115 2046 artibus

110 2063 244 2141 erudire,
270 2075 299 2126 et
314 2068 429 2144 ingenia
450 2067 650 2128 Britannorum
673 2069 774 2128 studiis
790 2069 937 2130 Gallorum
955 2069 1114 2146 anteferre,

109 2159 141 2208 ut
156 2151 204 2228 qui
219 2149 304 2210 modo
321 2150 447 2230 linguam
460 2152 618 2212 Romanam
635 2151 814 2230 abnuebant,
833 2153 1029 2232 eloquentiam
1046 2169 1114 2212 oon-

110 2236 306 2312 cupiscerent.
348 2235 414 2297 inde
437 2238 522 2296 etiam
549 2234 660 2296 habitus
686 2239 777 2297 nostri
803 2237 897 2297 honor
924 2245 954 2296 et
974 2237 1115 2314 frequens

110 2327 190 2393 toga.
222 2319 414 2399 paulatimque
431 2319 591 2379 discessum
606 2320 642 2380 ad
660 2319 851 2382 delenimenta
871 2321 1020 2396 vitiorium,
1046 2339 1113 2400 por·
1125 2335 1151 2376 ta

112 2401 189 2461 ticos
210 2411 239 2462 et
254 2403 369 2465 balinea
387 2413 416 2463 et
431 2404 629 2464 conviviorum
647 2403 830 2481 elegantiam.
862 2405 949 2483 idque
967 2404 1044 2481 apud
1064 2407 1113 2462 im·

109 2484 223 2562 peritos
240 2487 399 2547 humanitas
417 2486 590 2562 vocabatur,
609 2505 671 2546 oum
688 2505 756 2564 pars
771 2489 918 2546 servitutis
934 2496 1022 2546 esset.
1081 2509 1085 2516 ·

178 2567 227 2629 22.
262 2569 377 2630 Tertius
401 2571 618 2648 expeditionum
639 2587 728 2629 annos
754 2587 846 2629 novas
871 2572 1113 2650 gentis—aperuit,

108 2654 228 2722 vastatis
248 2654 391 2732 usquead
409 2652 536 2714 Tanaum
558 2655 719 2733 (aestuario
738 2671 843 2713 nomen
858 2654 919 2731 est)
940 2653 1113 2714 nationibus.

109 2753 167 2814 qua
189 2737 340 2798 formidine
362 2739 453 2798 territi
479 2737 580 2798 hostes
602 2752 771 2816 quamquam
795 2738 990 2800 conflictatum
1016 2740 1113 2798 saeris

108 2821 328 2897 tempestatibus
344 2822 503 2882 exercitum
517 2820 667 2884 lacessere
682 2839 740 2881 non
755 2824 831 2891 ausi;
854 2823 1057 2902 ponendisque
1073 2825 1113 2880 in-

109 2919 200 2980 super
215 2903 343 2964 castellis
360 2906 480 2984 spatium
496 2907 556 2966 luit.
590 2905 763 2966 adnotabant
785 2908 871 2984 periti
888 2924 945 2966 non
961 2907 1045 2966 alium
1062 2904 1136 2963 dut

109 3003 174 3046 cem
195 2991 427 3066 opportunitates
450 2989 583 3050 locorum
604 2991 762 3069 sapientius
785 2990 912 3065 legisse;
943 2987 1050 3047 nullum
1076 2987 1112 3047 ab

108 3070 252 3148 Agricola
273 3075 399 3151 positum
418 3074 567 3134 castellum
588 3083 636 3134 aut
657 3073 686 3132 vi
703 3073 828 3132 bostium
851 3078 1045 3152 expugnatum
1066 3080 1114 3130 aut

7 3209 9 3222 ‚
108 3155 245 3233 pactione
259 3175 295 3216 ac
308 3157 376 3234 iuga
393 3157 539 3218 desertum
557 3154 692 3236 [crebrae
708 3149 907 3235 eruptionem:
930 3172 993 3215 nam
1010 3153 1111 3214 adver-

108 3255 158 3298 sus
173 3255 269 3300 moras
286 3239 445 3302 obsidionis
462 3241 562 3300 annuis
579 3239 673 3321 copiis
688 3238 883 3301 firmabantur.
913 3240 952 3298 ita
969 3237 1111 3318 intrepida

108 3321 147 3380 ibi
169 3321 260 3384 hiems
283 3335 312 3385 et
336 3323 392 3384 sibl
414 3324 535 3404 quisque
558 3324 725 3402 praesidio,
750 3324 838 3382 irritis
862 3320 993 3381 hostibus
1015 3339 1148 3400 eoqucro

108 3405 348 3484 desperantibus,
374 3410 439 3486 quia
461 3409 539 3467 soliti
562 3407 733 3486 plerumque
757 3407 858 3465 damna
881 3407 999 3465 aestatis
1015 3405 1111 3465 hiber-

106 3491 151 3550 nis
174 3492 326 3553 eventibus
349 3509 474 3571 pensare
497 3501 553 3550 tum
575 3499 684 3552 aestate
706 3499 792 3568 atque
812 3489 906 3549 hieme
926 3490 1003 3549 iuxta
1019 3486 1111 3567 pelle·
