2580 3900
495 158 571 207 cau.
589 157 708 212 rt-aa.
1039 149 1094 210 tut
1190 119 1197 138 ³
1275 235 1276 244 ἵ

104 315 183 376 inire
204 327 253 374 aut
278 329 449 392 quemquam
471 331 509 372 ex
530 313 662 391 adgnatis
685 331 793 374 nccare
811 317 948 392 flagitium
967 314 1135 394 hebetante

105 399 225 485 plusque
240 395 280 456 ibi
296 394 365 456 boni
380 414 478 456 mores
493 396 592 458 ualent
607 415 690 477 quam
707 398 776 458 alibi
790 398 885 459 bonae
901 397 994 476 leges.

162 481 212 544 20.
234 479 268 540 lo
291 481 366 540 omni
387 481 473 540 domo
489 481 556 540 nudi
576 498 612 541 ac
631 481 741 542 sordidi
755 483 783 542 in
800 482 855 544 hos
871 492 965 560 artus,
983 485 1012 543 in
1028 483 1101 546 baec
1199 534 1218 548 1,

39 635 42 641 ,
104 582 237 645 corpora,
254 581 328 644 quaa
340 565 484 641 miramur,
497 575 681 625 excrescunt.
704 582 755 626 sua
770 584 914 646 quemque
927 576 1019 628 mater
1032 567 1100 628 ube·

57 656 59 660 '
102 649 179 711 ribus
200 649 265 724 alit,
287 665 342 707 neo
357 647 471 708 ancillis
495 658 543 709 aut
561 648 722 710 nutricibus
746 649 927 728 delegantur.
959 649 1100 712 dominum

103 745 267 796 absarrum
284 730 370 790 nullis
389 729 566 793 educationis
582 731 694 793 deliciis
712 733 885 812 dignoscas:
909 735 1102 796 intercedam
1147 730 1150 734 ’

78 865 83 872 .
104 834 221 899 pecora,
231 819 260 876 in
269 814 370 876 cadem
382 813 467 876 humo
481 815 598 894 degunt,
611 816 706 878 donec
718 827 799 878 aetas
812 827 929 898 separet
947 820 1124 896 ingeniose

102 905 190 963 virtus
205 901 375 976 adgnoscat.
400 917 465 960 sera
483 901 616 960 iuvenum
630 918 732 978 venus,
751 919 847 982 eoque
864 901 1034 963 inexhausta
1050 921 1101 981 pu·

102 987 207 1047 bertas.
236 1001 293 1044 uec
307 982 439 1059 virgines
454 985 641 1052 festinantur;
658 984 760 1045 eadem
775 986 901 1063 iuventa,
919 986 1021 1047 similis
1033 1003 1101 1064 pro·

103 1071 222 1131 ceritas:
260 1084 348 1146 pares
368 1055 542 1146 validaeque
562 1067 735 1146 miscentur,
761 1086 797 1128 ao
817 1069 926 1130 robora
953 1080 1102 1149 parentum

102 1154 185 1215 liberi
201 1152 341 1212 referunt.
368 1167 502 1212 sororum
513 1150 580 1211 liliis
597 1151 673 1212 idem
689 1153 765 1232 apud
781 1154 951 1214 avunculum
963 1155 1010 1233 qui
1027 1153 1102 1233 apud

102 1247 211 1318 patrem
226 1235 329 1294 honor.
363 1233 476 1313 quidam
499 1236 673 1298 sanctiorem
694 1238 890 1317 artioremque
905 1237 981 1298 bunc
996 1253 1135 1297 nexnmro

101 1320 248 1398 sanguinis
269 1317 443 1379 arbitrantur
467 1327 496 1380 et
517 1321 546 1379 iu
562 1320 742 1398 accipiendis
759 1321 909 1382 obsidibus
929 1322 1021 1400 magis
1041 1324 1101 1382 exi·

100 1415 187 1484 gunt‚
210 1413 354 1480 tamquam
376 1411 406 1462 et
427 1404 549 1464 an'unum
565 1404 673 1464 lirmius
695 1413 725 1464 at
745 1404 859 1465 domum
873 1405 958 1467 latius
975 1414 1100 1465 teneant.

100 1487 224 1550 heredes
247 1493 342 1546 tamen
366 1504 617 1565 successoresque
638 1489 682 1548 sui
701 1491 804 1566 cuique
819 1489 922 1564 liberi,
946 1498 975 1549 et
995 1487 1101 1560 nullum

100 1579 311 1634 testamentum.
340 1570 366 1630 si
382 1568 466 1631 liberi
481 1589 540 1631 non
556 1580 636 1648 sunt,
654 1573 802 1650 proximus
818 1572 926 1651 medus
939 1573 968 1632 ln
984 1590 1100 1651 posses-

100 1660 183 1718 sione
205 1656 327 1731 iratres,
349 1657 457 1734 patrui,
479 1654 623 1717 avunculi.
656 1657 846 1737 quantoplus
864 1657 1135 1736 propinquorum‚u

101 1759 158 1820 quo
178 1740 270 1799 maior
291 1739 423 1798 adfinium
443 1757 591 1818 numerus,
607 1749 685 1801 tanto
704 1741 861 1818 gratiosior
880 1751 1030 1811 senectus;
1046 1760 1102 1802 nec

101 1825 159 1885 ulla
174 1822 305 1884 orbitatis
321 1823 424 1901 pretia.

169 1908 220 1968 21.
239 1907 396 1984 Suscipere
424 1915 481 1967 tarn
499 1909 660 1969 inimicitias
689 1927 742 1971 seu
765 1909 855 1988 patris
876 1927 928 1968 seu
949 1911 1102 1987 propinqui
1128 1907 1133 1914 '

101 2010 185 2073 quarn
204 1991 344 2050 amicitias
363 2008 487 2050 neccsse
507 2001 567 2062 est;
590 2010 646 2052 neo
661 1992 853 2070 inplacabiles
871 1991 986 2052 durant:
1017 1992 1102 2052 luitur

101 2077 176 2136 enim
201 2075 286 2136 etiarn
306 2072 491 2134 homicidium
513 2083 594 2135 certo
621 2084 815 2137 armentorum
837 2093 872 2136 ac
896 2093 1035 2154 pecorum
1051 2093 1101 2134 nu·

99 2175 183 2220 mero
200 2159 364 2238 recipitque
389 2158 618 2219 satisfactionem
640 2162 776 2219 universa
800 2157 917 2235 domus,
946 2158 1054 2219 utiliter
1074 2159 1103 2218 in

100 2243 258 2324 publicum,
272 2244 337 2321 quia
350 2243 579 2322 periculosiores
592 2253 657 2304 sunt
666 2245 832 2305 inimicitiae
840 2245 918 2303 iuxta
928 2242 1126 2303 libertatemr

125 2344 133 2353 ¹
167 2325 356 2388 Convictibus
379 2335 408 2386 et
428 2327 563 2406 hospitiis
585 2346 642 2388 non
664 2328 720 2388 alia
735 2344 809 2406 gens
826 2327 944 2386 effusius
960 2325 1101 2404 indulget.

101 2427 312 2491 quemcumque
326 2408 489 2470 mortalium
511 2429 614 2472 arcere
629 2420 707 2472 tecto
722 2412 806 2488 naias
821 2407 957 2478 habetur;
974 2426 1028 2486 pro
1044 2410 1103 2468 ior·

99 2507 169 2556 tuna
192 2494 313 2572 quisquc
336 2494 483 2571 apparatis
508 2495 603 2572 epulis
623 2497 742 2573 excipit.
785 2510 849 2552 curn
874 2491 1028 2568 deiecere,
1056 2494 1103 2571 qui

99 2578 188 2640 modo
205 2578 315 2655 hospes
327 2578 431 2654 iuerat,
443 2585 619 2638 monstrator
633 2578 752 2657 hospitii
767 2585 796 2636 et
813 2592 926 2646 comem
943 2579 1103 2655 proximum

101 2663 218 2724 domurn
239 2679 298 2721 non
316 2663 427 2721 invitati
448 2661 561 2722 adeunt.
602 2681 657 2723 nec
683 2665 817 2722 interest:
845 2663 908 2740 pari
929 2660 1137 2721 humanitatem

101 2747 291 2826 accipiuntur.
316 2755 414 2805 notum
427 2747 614 2826 ignotumque
626 2755 760 2827 quantum
776 2744 812 2806 ad
823 2747 867 2805 ius
877 2745 1002 2823 hospitis
1017 2762 1102 2804 nemo

100 2829 250 2891 disceruit.
283 2829 415 2907 abeunti,
431 2831 456 2888 si
474 2830 542 2909 quid
563 2832 751 2911 poposcerit,
774 2829 939 2890 concedere
954 2829 1057 2898 moris;
1075 2836 1104 2886 et

100 2913 245 2995 poscendi
260 2914 289 2972 in
303 2914 395 2973 vicem
412 2914 514 2974 eadem
530 2915 663 2976 facilitas.
695 2915 823 2991 gaudent
845 2913 1028 2988 muneribus,
1051 2909 1103 2970 sed

99 3017 159 3060 nec
174 2998 238 3059 data
255 2998 393 3076 imputant
409 3016 464 3058 nec
483 2999 613 3076 acceptis
634 2995 808 3074 obligantur.
840 2998 944 3074 [victus
963 2998 1036 3054 inter
1052 2994 1102 3052 ho·

17 3117 19 3122 ·
100 3083 197 3163 spites
213 3085 326 3160 comis]
1114 3095 1137 3134 rs

165 3166 216 3226 22.
242 3165 342 3225 Statim
358 3185 374 3224 e
390 3183 502 3244 somno,
519 3185 604 3246 quem
620 3165 790 3245 plerumque
806 3165 835 3225 in
851 3165 925 3224 diem
940 3158 1102 3238 extrahunt,

100 3251 243 3326 lavantur,
262 3248 378 3326 saepius
394 3249 503 3326 calida,
518 3261 549 3310 ut
564 3250 640 3328 apud
654 3268 729 3330 quos
746 3248 898 3328 plurimum
911 3246 1003 3305 hiems
1017 3263 1103 3306 occu·

102 3343 165 3414 pat.
197 3334 266 3394 lauti
289 3333 383 3394 cibum
407 3336 538 3412 capiunt:
578 3343 732 3414 separatae
755 3330 876 3406 singulis
898 3328 984 3390 sedes
1003 3338 1032 3389 et
1053 3345 1104 3390 sua

54 3463 58 3470 .
101 3418 210 3497 cuique
230 3435 340 3478 mensa.
369 3426 426 3476 turn
446 3415 616 3494 adnepotis
634 3433 690 3477 nec
706 3415 902 3492 minussaepe
921 3413 956 3474 ad
973 3411 1105 3471 convivia
