2580 3900
154 219 215 282 206
395 229 560 278 cunnum
574 229 690 278 uacuus
706 229 911 276 annuamus
937 282 942 289 ,

47 431 49 440 .
154 404 242 466 super
258 387 409 462 sexaginta
423 385 500 448 nulia
517 401 576 444 nun
594 385 681 445 armis
697 384 820 463 telisque
833 385 989 461 Romanis,
1007 384 1060 446 sed
1074 384 1151 466 qued

152 470 382 548 magnificentius
396 477 449 546 est,
465 467 652 528 oblectationi
666 468 815 546 oculisque
831 469 1007 530 cecideruut.
1026 478 1150 544 maneat,

119 607 122 610 .
154 571 277 634 quaeso,
307 551 448 632 druetque
474 551 624 630 gentibus,
651 555 675 612 si
702 569 759 612 nun
780 569 861 617 amur
882 554 990 628 nostri,
1019 561 1151 613 atcerte

153 638 248 700 odium
269 639 327 715 sui,
349 637 462 718 quande
485 635 672 714 urguentibus
693 635 805 716 imperii
824 637 890 698 tatis
905 635 974 698 nihil
996 636 1050 696 iam
1069 653 1151 716 prae·

98 727 101 736 '
119 732 231 786 restare
247 721 361 782 fortuna
375 723 465 782 maius
480 729 578 800 potest
592 739 676 800 quam
691 721 815 782 hostium
830 721 1013 781 discordiam.

215 803 265 866 34.
288 804 480 882 Angrivarios
497 815 526 864 et
543 803 737 868 Chamavusa
754 814 840 882 tergo
856 803 1013 882 Dulgubnii
1033 814 1061 866 et
1079 803 1150 868 cta·
1259 807 1267 817 '

153 891 240 952 suarii
264 887 382 950 cludunt
404 890 537 969 aliaeque
558 897 663 966 gentes
686 890 761 950 haud
778 888 900 968 perinde
921 898 1114 965 memoratae,
1137 907 1152 948 a

153 975 248 1035 fiante
269 973 352 1033 Frisii
370 975 527 1053 excipiunt.
563 974 720 1034 maioribus
739 973 957 1052 minoribusque
978 972 1079 1034 Frisiis
1101 989 1152 1032 vo·

153 1058 286 1118 cabutam
308 1065 353 1118 est
373 1075 412 1118 err
434 1056 519 1118 modo
541 1057 652 1118 virium.
683 1067 824 1138 utraeque
847 1059 980 1118 nationes
1001 1074 1094 1135 usque
1116 1056 1153 1116 ad

129 1142 299 1204 cOceeuum
315 1140 418 1202 Rheno
440 1150 646 1220 praetexuntur
666 1143 850 1222 ambiuntque
867 1143 1014 1202 inmensus
1034 1142 1153 1218 insuper

152 1227 233 1286 iucus
245 1226 422 1286 athamania
436 1225 749 1303 classibusuavigatos.
773 1228 866 1304 ipsum
882 1227 950 1306 quin
963 1226 1046 1286 etiarn
1062 1223 1152 1284 Ocea·
1194 1231 1197 1246 ’

152 1327 216 1370 uum
231 1309 280 1370 ilia
296 1311 514 1387 temptauimus:
532 1320 560 1370 et
575 1327 732 1389 superesse
749 1310 842 1373 adbuc
852 1309 986 1372 Herculis
1005 1309 1153 1369 columnas

152 1395 227 1454 fama
237 1393 378 1470 vulgavit,
396 1394 457 1454 sive
471 1393 538 1454 adiit
549 1392 703 1472 Hercules,
716 1413 768 1455 seu
782 1395 919 1478 quidquid
930 1393 1036 1474 ubique
1045 1392 1153 1469 magui·

152 1479 236 1539 hcum
251 1486 311 1552 est,
327 1478 356 1536 iu
373 1476 531 1538 claritatem
548 1479 609 1539 eius
624 1480 737 1539 reterre
752 1479 961 1541 consensimus.
992 1495 1048 1538 nec
1065 1475 1155 1536 defuit

33 1595 34 1598 ¹
117 1561 284 1624 scandentia
297 1561 410 1636 Druso,
427 1561 613 1623 Germanico:
634 1563 685 1622 sed
701 1562 812 1624 obstitit
827 1564 961 1624 Oceanus
978 1563 1007 1622 in
1022 1580 1055 1622 se
1072 1559 1152 1620 simui

151 1656 238 1725 atque
253 1646 281 1704 iu
296 1645 450 1705 Herculem
465 1645 577 1724 inquiri.
604 1663 672 1706 mox
684 1664 769 1706 nemo
784 1649 951 1726 temptavit,
969 1647 1154 1724 sanctiusque

152 1749 187 1790 ac
204 1729 385 1788 reverentius
405 1729 497 1789 visum
515 1729 550 1789 de
568 1730 641 1790 actis
657 1729 776 1790 deorum
792 1731 915 1791 credere
934 1748 1018 1810 quam
1034 1731 1120 1790 scire.

216 1812 266 1877 35.
303 1811 448 1874 Hactenus
474 1814 503 1872 iu
530 1813 710 1874 occidentem
737 1813 917 1876 Germaniam
945 1815 1093 1876 novimus:
1125 1814 1152 1876 iu

152 1897 378 1976 septentrionem
401 1897 509 1974 ingenti
524 1897 602 1958 hena
620 1897 704 1958 redit.
744 1901 886 1978 acprimo
913 1899 1007 1959 statim
1024 1897 1153 1959 Chauco·
1257 1877 1285 1970 ,³

151 1999 212 2040 rum
227 1998 317 2058 geue,
342 1997 510 2060 quamquam
527 1981 644 2061 incipiat
658 2002 674 2043 a
689 1981 791 2043 Frisiis
809 2001 844 2044 ac
863 1993 974 2063 portem
990 1983 1082 2044 lituris
1104 1999 1153 2041 oc·

153 2072 262 2142 cupet,
285 2066 407 2124 omnium
430 2083 502 2144 quas
523 2068 646 2146 exposui
666 2069 793 2144 gentium
815 2067 955 2128 lateribus
979 2065 1153 2146 optunditur,

125 2147 245 2208 udonec
265 2149 293 2207 in
317 2147 437 2210 Chattos
464 2167 556 2229 usque
577 2151 715 2210 sinuetur.
753 2160 809 2210 tam
828 2153 987 2211 inmensum
1012 2160 1154 2210 terrarum

152 2233 273 2309 spatium
290 2250 347 2292 nun
367 2241 467 2292 tenent
487 2241 593 2293 tarrtum
610 2232 734 2310 Chauci,
755 2233 807 2294 sed
830 2243 859 2294 et
875 2234 1009 2313 implent,
1029 2234 1153 2315 populus

150 2318 225 2374 inter
241 2314 398 2376 Germanus
415 2315 611 2377 nobilissimus
628 2317 734 2396 quique
746 2318 970 2396 magnitudinem
984 2336 1063 2378 suum
1075 2317 1155 2378 malit

151 2400 257 2458 iustitia
273 2403 356 2460 tueri.
385 2401 447 2460 siue
466 2399 637 2480 cupiditate,
659 2402 722 2462 siue
737 2403 923 2480 impotentia,
949 2403 1037 2482 quieti
1055 2419 1152 2462 secre-

151 2485 229 2562 tique
253 2484 330 2544 uulla
351 2493 514 2562 provocant
535 2483 630 2562 bella,
659 2485 744 2546 nullis
766 2486 897 2567 raptibus
925 2497 973 2548 aut
994 2486 1154 2548 latrociniis

116 2579 142 2622 to
155 2567 337 2644 populantur.
375 2568 403 2628 id
425 2569 611 2648 praecipuum
633 2571 746 2631 virtutis
774 2588 809 2630 ac
832 2571 933 2630 uirium
955 2578 1152 2648 argumentum

151 2660 211 2727 est,
235 2651 327 2728 quud,
346 2660 376 2710 ut
396 2653 565 2730 superiores
583 2662 685 2730 agant,
710 2670 768 2712 non
784 2672 838 2733 per
858 2654 974 2714 iniurius
990 2653 1152 2732 adsequun-

151 2745 209 2804 tur;
227 2745 360 2814 prompta
374 2745 469 2796 tamen
484 2736 613 2796 omnibus
631 2755 709 2798 arma
723 2746 770 2814 et,
793 2738 817 2797 si
836 2756 885 2798 res
900 2747 1019 2817 poscat,
1041 2737 1151 2796 exerci-

149 2827 210 2961 pus,
230 2819 382 2898 plurimum
396 2819 523 2880 virerum
540 2837 753 2900 equorumque;
771 2821 1033 2900 acquiescentibus
1052 2820 1152 2880 eadem

162 2919 235 2964 uma.

211 2987 261 3048 36.
287 2985 319 3046 Iu
335 2986 426 3048 latere
443 2988 622 3050 Chaucorum
639 2988 865 3068 Chattorumque
881 2987 1023 3050 Cherusci
1041 2989 1153 3050 nimiam

150 3088 185 3130 ac
200 3081 377 3134 marcentem
399 3072 445 3132 diu
463 3091 565 3152 pacem
584 3073 743 3134 inlacessiti
758 3075 932 3134 nutrierunt:
952 3072 1039 3152 idque
1054 3075 1152 3132 iucun-

149 3153 212 3214 dius
229 3173 313 3234 quam
332 3158 417 3218 tutius
438 3158 507 3235 fuit,
533 3159 596 3238 quia
612 3159 686 3218 iuter
708 3158 874 3236 inpotentes
890 3165 921 3217 et
936 3157 1052 3218 validos
1076 3156 1151 3216 falso

150 3240 300 3315 quiescas:
322 3239 370 3302 rubi
385 3259 468 3302 manu
486 3244 597 3318 agitur,
614 3241 756 3303 modestia
771 3259 807 3302 ac
826 3241 957 3321 probitas
973 3242 1087 3301 numina
1104 3258 1151 3300 su-

126 3323 272 3401 sperioris
294 3334 368 3386 sunt.
406 3329 446 3388 ita
470 3326 517 3406 qui
546 3325 614 3386 olim
636 3325 704 3388 boni
726 3326 868 3405 aequique
892 3323 1048 3401 Cherusci,
1077 3341 1152 3383 nunc

147 3409 257 3468 inertes
277 3427 312 3470 ac
333 3411 412 3470 stulti
430 3420 587 3474 vocantur:
612 3407 723 3470 Chattis
745 3409 905 3470 victoribus
927 3411 1042 3470 fortuna
1061 3410 1088 3468 in
1106 3425 1152 3466 su·

148 3493 284 3570 pientiam
306 3498 415 3562 cessit.
437 3497 524 3564 baeti
538 3498 620 3558 ruina
641 3493 855 3555 Cheruscorum
878 3503 907 3554 et
929 3493 1016 3570 Fosi,
1038 3501 1152 3554 conter-

1263 3067 1285 3284 i
