2580 3900
127 297 128 300 ,
177 258 237 318 tut
407 266 573 316 cornuum
588 268 706 318 rucrrr
722 269 928 318 cununurnn

176 431 298 500 metum,
316 439 385 482 mox
404 424 520 484 etiama
544 441 577 483 se
600 425 672 504 ipsis
694 425 811 484 inuento
833 426 946 485 nomine
970 423 1099 488 Germani
1121 447 1169 487 vo·

177 516 323 568 curentur.

239 590 268 654 3.
291 590 394 652 Fuisse
412 590 557 669 apuleus
580 601 611 651 et
624 593 780 654 Herculem
800 602 976 668 memorant,
1001 595 1171 674 primumque

144 675 146 681 ‘
175 679 300 738 omnium
321 677 449 735 virorum
469 674 585 736 fortium
605 676 670 737 ituri
694 678 722 736 iu
748 677 860 757 proelia
883 685 997 736 canunt.
1027 687 1090 738 sunt
1117 677 1171 738 illis

175 759 279 831 †lraec
296 777 414 839 quoque
431 758 572 837 carmina,
595 777 716 840 quorum
738 761 849 837 relatu,
870 779 954 840 quem
970 761 1109 824 harditum
1123 779 1171 820 ro·

175 852 258 921 cant,
281 841 442 904 accendunt
468 846 578 905 animos
604 843 776 922 futuraeque
805 862 920 924 pugnae
943 845 1085 907 fortunam
1110 847 1172 926 ipso

153 937 259 988 renutu
283 937 474 1006 augmentum
495 935 607 988 terrent
634 931 709 989 euim
737 928 939 1007 trepidantum,
967 939 1053 1007 prout
1083 932 1173 990 sonuit

7 1021 119 1092 πω
175 1013 272 1090 acies,
295 1029 351 1073 nec
372 1021 429 1072 tam
448 1014 532 1074 vocis
554 1011 606 1073 ille
630 1030 715 1092 punm
738 1013 850 1074 virtutis
872 1021 1031 1074 concentus
1053 1013 1172 1074 videtur.
1272 1081 1277 1102 .

16 1105 107 1192 stu
174 1097 337 1158 adfectatur
351 1097 510 1176 praecipue
528 1097 671 1176 asperitas
691 1097 755 1156 soni
777 1105 807 1157 et
826 1093 947 1158 lract'rrm
968 1114 1110 1174 murmur,
1126 1098 1174 1157 ob·

18 1181 39 1264 35'-
68 1239 71 1244 ,
174 1181 260 1242 lectis
277 1181 313 1242 ad
329 1196 363 1240 os
380 1182 489 1257 scutis,
503 1198 561 1260 quo
578 1180 694 1257 plenior
705 1189 735 1240 et
747 1182 867 1258 gravior
878 1198 937 1242 vox
947 1199 1124 1261 repercussu
1136 1183 1175 1240 in-

15 1263 29 1350 s
100 1275 101 1278 ’
175 1273 325 1326 tumescat.
363 1273 492 1324 ceterum
515 1274 544 1326 et
562 1263 677 1326 Ulixem
698 1265 812 1343 quidam
836 1265 989 1344 opinantur
1012 1265 1104 1344 longo
1126 1264 1193 1325 illo·

142 1361 166 1408 rt
178 1357 207 1410 et
221 1347 361 1415 ,fabuloso
378 1365 479 1408 errore
495 1347 524 1408 iu
542 1347 619 1408 hunc
635 1346 782 1410 Oceanum
802 1348 927 1410 delatum
949 1348 1046 1410 adisse
1062 1349 1173 1422 Germa·

174 1434 239 1494 niae
255 1441 365 1509 terras,
382 1432 663 1512 Asciburgiumque,
684 1431 762 1512 quod
779 1433 807 1492 in
821 1434 885 1512 rIpa
899 1431 995 1494 Rheni
1019 1435 1102 1494 situm
1125 1431 1176 1494 ho·
1286 1442 1287 1445 ’

22 1579 53 1594 Η
174 1517 281 1597 dieque
301 1516 454 1594 incolitur,
486 1516 595 1578 abillo
618 1518 804 1578 constitutum
827 1517 1076 1596 nominatumque;
1101 1533 1177 1578 nram

108 1643 109 1646 κ
175 1603 242 1680 quin
256 1603 342 1662 etiam
353 1600 434 1661 Ulixi
448 1610 664 1677 consecratam,
681 1601 796 1662 adiecto
808 1599 931 1662 Laertae
949 1604 1039 1682 patris
1053 1600 1177 1676 nomine,
1287 1646 1288 1652 κ

5 1735 7 1740 .
53 1753 55 1756 ,
175 1687 279 1746 eodem
296 1685 365 1746 loco
383 1683 451 1744 olim
469 1691 632 1764 repertam,
647 1693 889 1762 monumentaque
908 1693 937 1744 et
951 1685 1075 1744 tumulos
1091 1702 1175 1762 quos·

16 1845 19 1850 1
49 1791 51 1796 v
99 1775 104 1832 g
136 1767 382 1842 -sslamlilraecis
403 1767 496 1828 literis
523 1767 681 1848 inscriptos
706 1769 735 1827 iu
761 1767 886 1829 confinio
906 1767 1077 1829 Germaniae
1102 1769 1176 1828 Rao-

135 1899 136 1902 ,
175 1855 291 1933 tiaeque
313 1850 407 1913 adhuc
429 1862 540 1912 extare.
578 1870 653 1931 quae
680 1870 775 1932 neque
801 1852 971 1913 confirmare
1000 1853 1178 1929 argumentis

106 1947 110 1988 t
173 1955 270 2016 neque
284 1935 425 1997 refellere
441 1937 470 1995 in
485 1937 577 1996 animo
594 1946 655 1997 est:
676 1954 714 1996 ex
728 1937 847 2014 ingenio
869 1954 922 1997 suo
944 1937 1068 2015 quisque
1084 1935 1178 1998 demat

174 2020 223 2082 rel
239 2019 324 2082 addat
338 2019 432 2080 fidem.

238 2107 268 2165 4.
291 2104 360 2198 lppe
383 2121 482 2164 eorum
506 2103 690 2184 opinionibus
713 2105 838 2180 accedo,
860 2104 909 2184 qui
931 2103 1101 2166 Germaniae
1125 2122 1176 2185 po·
1288 2133 1289 2186 l

174 2188 261 2270 pulos
272 2188 359 2248 nulus
368 2187 581 2267 [aliis]aliarum
592 2189 738 2249 nationum
751 2187 882 2250 conubiis
893 2187 1018 2248 iniectos
1031 2190 1178 2268 propriam

78 2323 80 2354 ;
112 2287 131 2324 -’
175 2281 205 2334 et
220 2274 363 2334 sinceram
387 2280 416 2332 et
433 2281 539 2332 tautum
555 2274 598 2332 sui
615 2272 737 2332 similem
751 2280 870 2349 gentem
890 2271 1022 2332 extitisse
1039 2271 1178 2332 arbitron·

130 2395 131 2400 κ
175 2366 229 2417 tur.
265 2357 341 2418 unde
362 2355 476 2418 habitus
503 2373 621 2436 quoque
647 2372 819 2435 corporum,
848 2371 1019 2436 quamquam
1045 2356 1074 2416 in
1098 2364 1178 2416 tauto
1288 2355 1289 2366 ’

118 2469 120 2472 ·
154 2440 321 2504 shominum
337 2457 476 2516 nurnero,
497 2439 574 2500 idem
596 2439 742 2502 omuibus:
765 2449 862 2500 truces
885 2447 914 2499 et
937 2437 1065 2500 caerulei
1089 2440 1178 2516 oculi,
1244 2513 1246 2520 Α

175 2525 280 2586 rutilae
296 2541 414 2602 comae,
429 2541 534 2602 mugra
548 2539 673 2604 corpora
692 2533 721 2584 et
742 2531 848 2586 tantum
866 2523 902 2586 ad
917 2524 1053 2602 impetum
1066 2523 1178 2584 valida:

93 2615 95 2620 ’
176 2608 287 2669 laboris
305 2618 391 2687 atque
407 2626 528 2687 operum
546 2625 603 2667 non
621 2608 725 2669 eadem
747 2609 898 2687 patientia;
913 2607 1088 2686 minimeque
1103 2608 1178 2667 sitim
1287 2613 1288 2622 ’

177 2703 346 2773 aestumque
360 2693 508 2770 tolerare,
526 2692 637 2770 frigora
653 2701 740 2771 atque
756 2691 879 2752 inediam
900 2690 983 2754 caelo
1003 2691 1107 2752 solove
1129 2693 1194 2764 acl-1

176 2786 304 2838 suerunt.

237 2864 266 2923 5.
291 2861 381 2922 Terra
405 2863 459 2922 etsi
477 2860 624 2940 aliquanto
646 2861 747 2940 specie
765 2859 878 2936 differt,
900 2861 932 2936 iu¹
951 2861 1114 2922 universum
1138 2862 1177 2920 ta'·

174 2963 241 3005 men
268 2954 315 3006 nut
342 2945 424 3005 silvis
450 2945 567 3006 horrida
594 2954 642 3006 aut
674 2943 826 3024 paludibus
847 2943 947 3020 lusda,
975 2943 1097 3004 umidior
1122 2962 1178 3022 qua

177 3030 301 3106 Gallias,
321 3031 473 3092 ventosior
488 3047 543 3108 qua
564 3027 703 3090 Noricum
724 3047 760 3089 ac
777 3028 951 3090 Pannoniam
967 3028 1085 3105 aspicit:
1108 3029 1179 3086 satis

176 3116 273 3190 ferax,
290 3113 494 3192 irugiierarum
505 3112 640 3174 arborum
654 3115 809 3193 inpatiens,
823 3130 961 3191 pecorum
973 3110 1112 3189 fecunda,
1126 3111 1179 3170 sed

153 3197 348 3278 splerumque
365 3200 540 3278 improcera.
578 3215 616 3258 ne
632 3198 769 3258 armentis
785 3197 900 3276 quidem
923 3215 992 3258 suus
1014 3195 1109 3257 honor
1130 3204 1179 3254 aut

24 3339 27 3346 .
81 3353 84 3358 ,
175 3283 270 3360 gloria
285 3283 405 3344 iroutis:
419 3300 538 3345 numero
560 3281 704 3360 gaudent,
728 3300 841 3361 eaeque
854 3280 936 3342 solae
954 3289 983 3340 et
995 3279 1179 3357 grauissimae

177 3384 251 3447 opes
272 3377 344 3428 sunt.
379 3377 529 3447 argeutum
547 3376 576 3427 et
590 3385 688 3427 aurum
703 3366 858 3446 propitiine
874 3382 910 3425 au
924 3364 987 3424 irati
1003 3363 1031 3424 di
1051 3381 1175 3440 negave-
1285 3421 1287 3440 p

109 3489 118 3532 ς
176 3451 233 3510 rint
250 3451 359 3514 dubito.
397 3473 453 3514 uec
476 3463 570 3514 tamen
592 3451 802 3512 adfirmaverim
823 3449 929 3510 nullam
942 3448 1112 3510 Germaniae
1127 3463 1178 3507 ve·

176 3553 240 3600 nam
260 3549 409 3616 argentum
431 3556 567 3602 aurumve
589 3539 729 3616 pignum
759 3536 822 3617 quis
848 3537 922 3596 eninr
948 3540 1090 3593 scrutatus
1112 3529 1179 3591 estl
