2580 3900
529 295 709 349 cns.1-—2.
888 251 891 258 ⁴
1046 283 1105 346 193

136 458 217 524 digni.
240 447 362 508 Aviones.
393 453 489 520 Anglii.
515 452 615 506 Varini.
645 453 769 503 Eudoses.
792 451 946 502 Suardones.
973 451 1104 502 Nuitones.

137 525 224 578 Nerthi
240 524 322 574 cultus
336 523 486 574 communis.
502 522 545 575 41.
564 519 742 571 Hermunduri.
760 521 804 571 42.
823 519 926 570 Naristi.
943 519 1105 572 Marcomani.

138 594 227 654 Quadi.
252 591 445 658 samaruga.
463 590 553 642 Ootlni.
569 587 621 640 Osi.
639 590 709 640 Buri.
724 589 863 655 Lugiorum
878 589 1006 650 civitates,
1027 589 1105 651 Harii,

136 664 305 722 Helvecones,
329 659 447 722 blanimi,
471 659 558 720 Elisii,
584 657 770 720 Nahanarvali;
794 657 885 707 horum
913 671 1006 706 numen
1027 658 1105 706 Aleis.

137 731 256 782 Gotones.
272 729 358 794 liugn.
371 727 494 781 Lemovii.
511 728 555 778 44.
572 725 693 790 Suiones,
709 727 964 778 classibnsvalentes.
980 727 1024 779 45.
1037 738 1107 774 mare

136 802 247 866 pigrum.
267 796 367 858 Aestii,
380 797 470 847 matris
486 796 562 845 deum
582 796 704 856 cultores,
722 797 853 846 succinum
863 795 959 861 legunt.
978 793 1107 855 Sitouibua

137 867 233 918 femina
241 866 357 930 imperat.
385 863 428 916 46.
440 864 554 926 Peucini,
568 863 674 927 Venedi,
686 865 773 926 Penni,
787 863 905 914 Germani
915 878 948 912 an
959 862 1107 914 Sarmatae?

137 950 225 986 eorum
240 933 343 994 feritas,
357 941 504 999 pauperius.
522 932 653 982 homiuum
667 941 796 995 monstra,
808 932 928 994 Hellusii,
946 931 1066 983 Oxioues.

170 1064 194 1116 i.
220 1053 372 1117 Germania
407 1056 499 1114 omnis
534 1073 550 1115 a
581 1052 672 1116 Gallis
704 1054 864 1132 Raetisque
893 1065 922 1114 et
953 1052 1108 1115 Pannoniis

104 1141 208 1204 liberio
225 1149 254 1199 et
274 1137 407 1199 Danuvio
435 1138 615 1216 fluminibus,
643 1157 658 1200 a
684 1139 824 1199 Sarmatis
848 1137 995 1218 Dacisque
1011 1147 1108 1200 mutuo

103 1231 245 1292 metuant
266 1221 594 1304 montibusseparatnr:
622 1232 723 1283 cetera
745 1221 879 1288 Oceanus
903 1223 1005 1301 ambit,
1033 1222 1109 1282 latos

47 1318 51 1364 t
104 1311 184 1380 sinus
208 1315 237 1367 et
257 1306 413 1367 insularum
434 1307 563 1369 inmensa
584 1309 678 1387 spatia
705 1306 921 1386 complectens,
945 1325 1039 1387 nuper
1059 1324 1108 1366 co·

103 1393 193 1472 gultis
212 1390 539 1472 quibusdamsgentibus
555 1409 589 1451 ao
606 1390 744 1469 regibus,
762 1409 836 1472 qnos
853 1390 960 1452 bellum
983 1393 1131 1472 apernit.»

103 1477 244 1553 Rhenus,
257 1475 441 1552 Raeticarum
458 1473 575 1554 Alpium
590 1476 745 1535 inaccesso
767 1493 802 1534 ac
823 1475 976 1556 praecipiti
999 1475 1110 1535 vertice

104 1569 204 1637 ortus,
234 1558 351 1619 modico
379 1558 457 1618 llexu
482 1560 512 1617 iu
544 1558 726 1619 occidentem
754 1577 859 1618 versus
889 1558 1110 1638 septentrionali
1164 1559 1166 1566 '

47 1651 51 1689 ἱ
104 1643 225 1705 Oceano
241 1645 388 1704 miscetur.
425 1642 573 1703 Danuvius
588 1643 670 1704 molli
691 1651 721 1703 et
736 1643 895 1704 clementer
911 1643 989 1704 edito
1005 1645 1111 1705 montis

47 1756 51 1805 ς
104 1723 249 1789 Abnobae
266 1727 334 1805 iugo
358 1726 468 1788 ebusus
488 1727 579 1807 pluris
604 1727 733 1808 populos
755 1726 828 1804 adit,
851 1727 948 1788 donec
969 1731 999 1788 iu
1014 1728 1109 1788 Ponti·

47 1881 50 1889 ¹
105 1831 168 1872 cum
188 1829 268 1871 mare
296 1829 349 1871 sex
368 1809 512 1872 meatibus
537 1821 683 1892 erumpat:
714 1813 866 1892 septimum
891 1828 926 1872 os
953 1810 1108 1892 paludibus
1119 1819 1141 1868 u

104 1893 242 1956 hauritur.

47 2046 50 2059 ⁸
168 1979 198 2038 2.
222 1977 309 2058 lpsos
342 1979 502 2058 Germanos
535 1979 687 2056 indigenas
731 1980 903 2041 crediderim
937 1981 1109 2060 minimeque

105 2064 225 2126 aliarum
251 2063 378 2140 gentium
403 2062 574 2124 adventibus
600 2071 630 2122 et
651 2061 785 2144 hospitiis
805 2065 927 2141 mixtos,
962 2067 1027 2142 quia
1054 2082 1111 2123 nee

104 2160 182 2219 terra
199 2146 267 2208 olim
279 2145 332 2208 sed
349 2145 493 2207 elassibus
505 2145 724 2208 advehebantur
736 2150 784 2226 qui
794 2156 905 2208 mutare
919 2149 1007 2222 sedes
1023 2165 1108 2226 quae·

47 2239 50 2249 ’
105 2231 223 2308 rebant,
246 2238 275 2290 et
289 2232 435 2291 inmensus
452 2232 527 2292 ultra
551 2240 639 2312 utque
655 2233 698 2292 sic
716 2230 836 2292 dixerim
860 2231 1001 2292 adversus
1017 2230 1109 2292 Ocea·

46 2364 48 2373 .
105 2333 158 2376 nus
174 2315 248 2375 raris
264 2314 300 2375 ab
319 2314 392 2375 orbe
413 2325 515 2376 nostro
533 2316 656 2376 navibus
670 2316 773 2377 aditur.
789 2330 795 2346 ·
812 2317 875 2395 quis
894 2335 1002 2395 porro,
1024 2325 1129 2396 prae-5

45 2435 48 2475 ι
106 2409 150 2460 ter
169 2398 328 2477 periculum
341 2399 451 2460 horridi
466 2408 496 2459 et
508 2401 599 2478 ignoti
614 2402 718 2478 maris,
730 2400 801 2460 Asia
818 2410 865 2461 aut
877 2399 979 2463 Africa
992 2409 1040 2460 aut
1053 2399 1108 2459 lta-

106 2485 143 2544 lia
170 2482 274 2542 relicta
302 2482 483 2543 Germaniam
508 2492 636 2563 peteret,
665 2483 816 2543 inlormcm
844 2485 948 2558 terris,
976 2501 1109 2564 asperam
1158 2499 1170 2509 ·

45 2594 48 2608 ·
107 2566 207 2644 eaelo,
226 2567 338 2626 tristem
357 2565 435 2626 cultu
451 2576 646 2645 aspectuque,
662 2568 717 2626 nisi
734 2570 758 2626 si
775 2569 867 2645 patria
882 2565 940 2628 sit?

190 2647 350 2712 Celebrant
371 2650 545 2712 carminibus
566 2651 707 2731 antiquis,
737 2651 814 2729 quod
836 2671 921 2712 unum
944 2652 1110 2733 apn,d...illos

105 2737 262 2795 memoriae
278 2744 308 2795 et
319 2734 461 2796 annalium
475 2753 569 2814 genus
585 2745 647 2812 est,
663 2735 830 2796 Tuistonem
847 2737 930 2796 deum
953 2747 1030 2798 terra
1050 2737 1127 2796 edi-1*

106 2827 163 2879 tum
194 2827 223 2878 et
252 2818 341 2878 lilium
377 2817 527 2897 Mannum,
565 2821 707 2898 originem
741 2823 838 2899 gentis
871 2818 1108 2902 conditoresque.

104 2903 211 2963 blanno
232 2903 285 2962 tris
306 2902 382 2963 ilios
410 2901 579 2982 adsignant,
608 2923 625 2964 e
655 2923 775 2983 quorum
797 2905 958 2966 nominibus
985 2905 1110 2984 proximi

56 3030 58 3039 .
107 2987 226 3046 Oceano
248 2985 449 3066 Ingaevones,
478 2988 564 3048 medii
584 2988 793 3067 Herminones,
826 2990 917 3050 ceteri
939 2989 1110 3052 Istaevones

108 3080 256 3131 vocentur.
292 3071 423 3150 quidam,
436 3079 467 3131 ut
481 3074 511 3132 in
524 3072 642 3133 licentia
660 3075 827 3152 vetustatis,
849 3074 941 3152 pluris
956 3074 1012 3134 deo
1029 3081 1109 3132 ortos

105 3155 256 3234 plurisque
276 3156 372 3232 gentis
396 3156 628 3236 appellationes,
651 3157 766 3218 Marsus
788 3155 969 3220 Gambrivios
993 3154 1108 3216 Suebos

108 3238 266 3300 Vandalios
284 3238 446 3317 adlirmant,
463 3259 556 3320 eaque
572 3258 644 3302 vera
661 3251 691 3301 et
703 3243 818 3320 antiqua
830 3243 954 3302 nomina.
981 3249 1110 3302 ceterum

108 3321 277 3384 Germaniae
292 3322 464 3384 vocabulum
477 3342 583 3386 reeens
599 3335 628 3388 et
644 3318 736 3407 nup'er
750 3323 895 3404 additum,
912 3325 1046 3405 quoniam
1062 3325 1110 3404 qui

106 3408 190 3487 primi
212 3405 343 3468 lihennm
365 3409 541 3487 transgressi
566 3408 666 3472 Gallos
691 3409 871 3490 expulerint,
895 3417 925 3470 ut
938 3429 1013 3470 nnnc
1035 3408 1108 3470 'l'un-

106 3493 168 3570 gri,
194 3501 262 3554 tuuc
287 3490 422 3553 Germani
447 3495 546 3554 vocati
570 3497 641 3555 sint:
672 3495 711 3553 ita
742 3494 866 3554 nationis
899 3511 1019 3569 nomen,
1051 3511 1108 3552 non

46 3609 52 3658 4
107 3576 222 3654 gentis,
250 3575 396 3638 evaluisse
417 3577 569 3655 paulatim,
591 3586 622 3636 nt
638 3593 737 3636 omnes
753 3578 872 3655 primum
890 3596 906 3636 a
928 3577 1041 3634 victore
1069 3574 1128 3631 ob.

148 3679 235 3719 rncrrr
250 3680 321 3720 rans
337 3681 364 3718 ιι.
894 3657 931 3718 13
